2656 4830
202 373 226 454 4
474 372 514 437 C.
541 369 710 439 PLlNll
735 368 840 438 Nat.
865 369 996 436 HIST.

199 506 274 599 jure
293 501 440 600 luxuriae,
455 501 573 570 eodem
592 501 692 572 ebore
708 493 904 570 numinum⁹
918 512 1230 594 oraspectarentur,
1241 513 1274 567 et

203 633 395 706 mensarum
413 607 523 702 pedes.
542 607 694 676 Produnt
710 607 849 702 Alpibus
871 608 1051 695 coercitas,
1074 620 1109 674 et
1129 620 1200 675 tum
1220 607 1271 672 in-

204 711 425 810 exsuperabili
443 708 650 782 munimento
674 712 817 800 Gallias,
843 714 930 782 banc
955 711 1276 808 primum'babuisse

205 846 339 904 causam
357 818 794 914 superfundendiseltaliae,
807 819 898 912 quod
908 817 1054 888 Helico¹⁰
1064 843 1104 886 es
1114 817 1275 887 Helvetiis

205 931 285 998 civis
297 952 429 1010 earum,
446 925 599 995 fabrilem
611 926 774 995 chartam
789 928 906 994 Romae
919 939 1145 994 commoratus
1154 977 1164 1012 ,
1173 925 1278 992 licum

205 1037 329 1105 siccam
341 1047 377 1102 et,
390 1057 508 1119 uvam,
521 1031 649 1125 oleique
662 1056 701 1100 ac
714 1033 784 1100 vini
795 1030 993 1126 praemissa¹¹
1004 1055 1156 1100 remeans
1166 1054 1279 1099 secum

207 1141 344 1211 tulisset.
361 1140 577 1233 Quapropter
591 1137 662 1207 brec
679 1137 732 1207 vel
751 1137 840 1207 bello
857 1139 1011 1232 quaesisse
1028 1138 1127 1206 venia
1145 1139 1197 1206 sit.

176 1282 189 1316 t
261 1249 325 1317 III.
346 1245 413 1314 Sed
435 1246 508 1338 quis
528 1269 598 1314 non
614 1244 689 1338 jure
708 1246 868 1331 mnetur,
886 1246 1041 1313 arborem
1059 1245 1187 1313 umbrae
1203 1266 1282 1337 gra·

195 1344 272 1423 'tia'¹
294 1365 425 1422 tantum
447 1376 488 1420 ex
509 1350 616 1445 alieno
634 1353 772 1445 petitum
799 1349 902 1421 arbel
926 1348 1193 1428 Platanusshaec
1212 1363 1283 1434 est,

252 1573 280 1623 9.
295 1553 436 1606 Nominum.
458 1541 627 1621 Proponebat
644 1552 723 1604 Dale·

211 1645 298 1705 camp.
312 1634 447 1697 hominum,
457 1650 530 1684 mera
541 1635 568 1683 e't
578 1631 651 1682 inani
664 1649 727 1683 con·

132 1762 134 1767 .
210 1713 387 1786 jecturaAEn.

257 1812 301 1846 ro.
317 1792 413 1842 Helico.
431 1788 504 1842 Edit.
521 1802 582 1842 ante
593 1787 726 1842 Harduin.

214 1873 296 1926 Elico.
314 1871 368 1939 En.
383 1860 535 1922 -Eurum,
543 1868 727 1923 Helvetiarum

215 1941 425 2006 scilicet-Haut).
480 2017 481 2020 Ἴ

259 2049 305 2082 rr.
321 2030 461 2082 Praemisso.
480 2029 521 2081 Ita
541 2029 604 2082 libri
627 2048 728 2082 omnes.

121 2121 123 2125 ’
216 2110 380 2180 Diligentem
397 2107 534 2178 exquisiti¹
547 2110 600 2162 olei
622 2129 653 2163 ac
673 2108 730 2161 vini

218 2188 351 2242 delectum
371 2207 402 2242 ea
422 2205 473 2240 vox
496 2189 645 2259 significare
664 2188 731 2249 mihi

218 2268 335 2333 videtur,
346 2268 395 2321 etsi
406 2267 483 2329 aliter
497 2269 567 2323 forte
577 2268 731 2340 Rhodigino

219 2350 320 2413 visum,
337 2348 385 2400 lib.
400 2347 454 2413 Vl,
472 2366 531 2418 cap.
548 2353 574 2402 6.
593 2349 685 2402 Livius
695 2349 732 2411 V,

223 2429 277 2493 33,
291 2427 432 2480 Gallorum
445 2440 550 2498 gentem
565 2429 681 2498 exrulgi
696 2427 733 2479 la·

221 2526 266 2560 rna
276 2506 367 2573 tradit,
374 2505 516 2559 dulcedine
524 2507 643 2578 frugum,
653 2505 735 2558 maxi·

221 2581 319 2658 meque
338 2587 394 2638 vini
418 2605 488 2639 nova
511 2599 570 2638 tum
596 2589 734 2657 voluptate

223 2680 340 2740 captam,
354 2667 435 2736 Alpes
450 2668 589 2730 transisse,
605 2683 735 2737 agrosque

223 2748 257 2800 ab
272 2747 390 2800 Etruscis
405 2759 468 2799 ante
482 2747 566 2823 cultos
577 2746 734 2818 possedisse.

224 2828 315 2880 Haan.
329 2859 368 2870 -—
382 2827 462 2879 Conf.
479 2825 549 2878 etad
558 2828 632 2878 hunc
644 2828 736 2877 locum

223 2907 360 2960 Plutarch.
381 2905 411 2956 in
431 2904 562 2966 Camillo,
582 2923 642 2975 pag.
671 2903 734 2961 135,

186 3019 190 3025 ·
224 2987 270 3056 qui
292 2985 427 3037 invectum
447 2983 476 3034 in
495 2983 609 3036 Galliam
627 2984 736 3047 vinum,

224 3063 364 3118 illiciendae
374 3063 458 3134 gentis
469 3080 562 3128 causa,
573 3063 606 3116 ab
620 3064 736 3128 Aruntc,

224 3145 296 3198 claro
318 3144 347 3196 in
373 3143 481 3195 Etruria
501 3143 574 3205 viro,
601 3143 737 3195 memoriae

224 3222 326 3296 prodit.
341 3223 405 3293 Ejus
417 3223 458 3273 rei
474 3222 590 3275 fortassis
599 3223 737 3293 exemplo,

226 3305 400 3374 imperatores
411 3302 616 3354 Valentinianus
632 3314 659 3354 et
673 3303 739 3357 Gra·

225 3384 348 3437 tianusin
356 3381 456 3435 Codice
469 3381 623 3452 prohibent,
632 3381 665 3435 ad
677 3385 737 3435 bar-

225 3465 305 3518 baros
321 3464 431 3525 riuum,
449 3462 539 3514 oleum
561 3473 588 3513 et
604 3462 739 3532 liquamen

227 3544 386 3607 transferre,
399 3559 433 3593 ne
444 3553 533 3611 gustus
543 3539 652 3612 quidem
662 3560 740 3595 causa

226 3635 272 3675 aut
281 3620 444 3675 commercii.
453 3620 556 3689 Magius
569 3620 640 3692 apud
650 3623 739 3676 Dalec.

226 3702 275 3755 lib.
291 3703 345 3766 111,
361 3719 419 3772 cap.
436 3719 480 3754 ra.
494 3699 546 3752 En.

227 3844 230 3849 ,
267 3783 318 3835 ΙΙΙ.
331 3780 463 3835 1.Umbroe
473 3782 565 3850 gratia.
577 3781 675 3852 Exque
684 3782 741 3834 sru-

226 3874 284 3914 ctus
306 3862 387 3927 alius,
419 3872 597 3931 preterquam
621 3862 738 3919 umbra,

225 3936 330 4012 percipi
340 3942 433 4008 nullus,
444 3940 535 4011 possit.
548 3940 640 3995 Hsan.

269 4030 294 4074 a.
308 4021 428 4074 Plataeas
438 4021 489 4073 lroec
498 4034 544 4086 eat,
558 4040 629 4084 mare,
641 4033 691 4076 etc.
699 4021 740 4075 Ita

769 1549 849 1605 codd.
865 1550 948 1604 Hard.
969 1551 1055 1603 Vetus
1064 1549 1137 1620 apud
1151 1551 1240 1624 Dalec.
1255 1569 1286 1601 ea

769 1643 812 1684 est.
828 1633 892 1683 Hoec
902 1650 1031 1701 permare.
1045 1629 1136 1682 Dalec.
1153 1623 1243 1683 Elzev.
1259 1642 1287 1682 et

769 1713 803 1764 al.
820 1724 880 1763 ante
894 1709 977 1763 Hasd.
999 1711 1050 1760 lroee
1068 1722 1118 1775 est,
1141 1721 1188 1779 pet
1209 1730 1284 1760 mare.

770 1791 954 1855 -Plataeus‚
968 1802 1018 1843 etc.
1032 1789 1098 1842 Haec
1111 1801 1150 1842 est
1164 1790 1287 1841 Platanos

770 1871 894 1923 orientalis
905 1871 966 1928 Lin.
974 1865 1088 1932 (Monac.
1097 1869 1285 1942 polyandgeu.

774 1954 864 2015 2108,
883 1952 955 2004 Pers.
970 1952 1100 2002 Amemus·
1117 1939 1215 2017 iuss),
1228 1960 1287 2000 *ma-

772 2050 824 2101 gna
840 2043 867 2083 et
879 2040 992 2100 procera
1007 2031 1102 2095 arbor,
1121 2028 1212 2082 multis
1224 2028 1287 2080 rali-

775 2108 1016 2182 disqueradicibus
1029 2110 1109 2174 nixa»,
1118 2120 1209 2161 ramos
1221 2127 1288 2180 prae·

773 2192 881 2260 longos,
893 2189 999 2260 patulos
1013 2202 1039 2242 et
1052 2187 1193 2240 frondibus
1210 2189 1286 2240 luxu·

774 2270 870 2322 riantes
878 2270 1075 2340 latespargens3
1087 2281 1113 2320 et
1121 2267 1183 2320 inde
1189 2286 1287 2320 nomeu

776 2350 816 2401 illi
829 2368 844 2401 a
860 2367 945 2418 graeco
958 2349 1065 2411 πλάτος,
1085 2346 1216 2412 latitudo,
1226 2347 1288 2399 ‘sive

768 2448 792 2491 ,a
802 2432 934 2493 πλατύνω,
955 2427 1054 2492 dilato,
1068 2426 1096 2478 in
1113 2427 1197 2479 latum
1212 2425 1289 2479 didu·

767 2527 819 2561 co.
840 2507 971 2577 Antiquos
993 2507 1064 2559 inter
1084 2506 1224 2575 scriptores
1245 2507 1289 2557 vix

777 2587 894 2660 reperias
906 2587 1009 2646 ullum,
1026 2587 1073 2657 qui
1089 2587 1148 2655 ejus
1162 2605 1220 2638 uon
1233 2604 1290 2638 me·

778 2667 1007 2720 mmerit.Nullam
1016 2667 1088 2718 enim
1101 2683 1134 2716 ex
1143 2665 1292 2736 peregrinis

769 2749 901 2800 arborem
915 2758 1057 2815 tantopere
1075 2745 1104 2795 in
1121 2743 1225 2796 deliciis
1238 2748 1292 2797 Ro·

779 2827 851 2877 mani
872 2842 996 2896 proceres
1017 2824 1149 2889 habuere,
1169 2824 1216 2895 qui
1232 2827 1293 2895 pla·

779 2918 854 2958 tanos
867 2904 897 2956 in
911 2904 992 2969 villis,
1014 2904 1115 2966 hortis,
1135 2903 1294 2957 ambulacris

778 3003 881 3036 summa
912 3002 976 3036 cura
1002 2982 1129 3047 consitas,
1156 2983 1295 3055 diligentia

780 3063 931 3116 incredibili
949 3064 1086 3127 colebant,
1097 3065 1200 3117 umbrae
1213 3062 1296 3116 dum·

780 3157 850 3198 taxat
876 3145 967 3215 gratia.
996 3145 1104 3216 Quippe
1128 3162 1177 3195 nec
1204 3144 1296 3196 arbori

780 3224 884 3276 fructus
895 3223 998 3289 edulia,
1014 3242 1098 3295 quare
1110 3224 1199 3274 sterliis
1205 3225 1298 3294 Virgi-

780 3304 818 3356 lio
831 3303 929 3357 dicitur
939 3305 1038 3375 Georg.
1050 3305 1090 3368 ΙΙ,
1106 3322 1153 3370 7⁰3
1164 3321 1214 3355 nec
1224 3302 1298 3355 illius

781 3382 816 3436 ad
829 3383 1011 3437 sustentandas
1023 3383 1106 3447 vites,
1123 3383 1188 3434 ulmi
1200 3383 1297 3442 instar.

782 3464 897 3528 utilitas;
913 3462 986 3516 unde
1001 3463 1106 3516 coelibem
1120 3481 1177 3514 eam
1191 3463 1298 3534 elegan-

783 3555 824 3595 ter
847 3544 974 3596 Horatius
997 3544 1113 3615 appellat
1138 3543 1227 3595 Carm.
1254 3543 1298 3599 Π.

789 3623 840 3687 15,
862 3630 887 3686 4.
910 3624 997 3676 Unica
1010 3626 1066 3695 ejus
1081 3619 1300 3687 commendatio,

784 3703 896 3754 unicum
906 3702 1014 3766 decus,
1032 3715 1057 3755 et
1071 3701 1098 3754 id
1114 3699 1224 3771 quidem
1238 3703 1301 3756 bre·

784 3782 992 3846 vissimumscil.
1003 3800 1093 3853 opacae
1104 3779 1208 3833 frondis
1216 3799 1301 3833 amoe-

785 3861 862 3926 nitas,
876 3881 928 3933 qua
939 3881 987 3933 per
1000 3874 1113 3915 aestatem
1124 3873 1247 3930 potantes
1258 3879 1303 3932 ge·

784 3941 884 4012 nioque
897 3960 946 3994 suo
963 3941 1130 4011 indulgentes
1146 3943 1304 4004 recreabat,

783 4022 887 4089 paruulis
899 4023 962 4074 inde
975 4035 1127 4094 nuncupata
1140 4019 1220 4073 Orid.
1233 4021 1300 4073 Met.
