2656 4830
483 389 643 457 uranu
666 390 757 458 xrr.
1104 388 1152 487 59

40 513 42 517 ⁴
110 507 227 615 (ἔφην’
247 519 438 591 maleficum
466 518 546 590 alias
576 520 750 591 frondibus
770 519 913 605 animal,
932 520 1149 594 odoratorum

10 638 13 645 '
51 662 54 667 ¹
110 647 170 696 aaa
193 627 351 699 fruticum
378 629 609 766 appetentius,
626 641 795 722 tamquam
814 626 1000 722 intelligant
1026 632 1149 724 pretia,

109 736 268 822 germinum
297 733 407 804 caules
451 733 611 834 praedulci
634 733 761 828 liquore
784 748 975 829 turgentes,
992 735 1149 806 distillan-

10 851 17 891 t
107 847 214 935 umque
228 841 272 910 ab
291 841 346 910 his
360 830 482 932 (casus
495 826 661 910 mixtura⁵
677 831 691 926 )
707 864 842 910 succum
859 841 1013 934 improbo
1027 842 1148 912 barba·

104 963 161 1014 mm
179 945 255 1017 villo
278 946 490 1042 abstergere:
516 947 607 1016 hunc
633 946 809 1043 glomerari
828 947 987 1041 pulvere,
1017 950 1149 1044 incoqui

48 1122 52 1135 Ι
103 1046 180 1121 Sole:
193 1068 227 1123 et
237 1054 313 1123 ideo
329 1054 364 1121 in
378 1051 499 1123 ladano
514 1078 689 1148 caprarum
705 1052 790 1148 pilos
807 1078 899 1123 esse:
917 1054 975 1123 sed
994 1055 1060 1125 hoe
1077 1081 1147 1125 non

10 1138 54 1245 lot}
101 1151 272 1245 altisteri,
292 1184 394 1255 quam
414 1160 449 1227 in
469 1146 663 1248 Nabataeis⁶‚
681 1161 738 1254 qui
760 1174 837 1229 sunt
865 1185 905 1229 ex
927 1160 1048 1231 Arabia
1065 1188 1149 1232 con·

10 1244 53 1341 lfff'
101 1265 213 1345 termini
235 1267 349 1360 Syriae.

137 1373 349 1447 Recentiores
369 1397 410 1441 ex
431 1373 623 1441 auctoribus
646 1371 802 1441 strubon⁷
824 1370 891 1439 hoc
912 1388 1055 1458 vocant,
1083 1389 1148 1445 tra·
1170 1429 1184 1460 2

10 1452 48 1553 'all
94 1471 227 1573 dantque
248 1478 352 1548 silvas
372 1479 522 1546 Arabum
545 1493 643 1573 pastu
670 1501 847 1571 caprarum
875 1477 1029 1572 infringi,
1052 1494 1150 1574 atque

34 1618 37 1627 ·
89 1576 127 1652 iu
152 1609 290 1654 succum
318 1582 403 1652 villis
431 1584 677 1655 inhaerescere:
707 1590 959 1653 verum'autem
991 1583 1149 1671 ladanum

21 1702 31 1777 ‚l
87 1691 181 1785 Cypri
215 1688 332 1761 insulse
365 1715 436 1761 esse
468 1682 528 1782 (ut
565 1691 673 1761 obiter
701 1715 840 1785 quaeque
861 1714 985 1784 genera
1006 1690 1148 1760 odorum

82 1795 245 1877 dicautur,
267 1798 420 1891 quumvis
438 1822 507 1865 non
522 1811 686 1865 terrarum
706 1797 822 1865 ordine
836 1785 871 1887 l:
897 1783 1066 1866 similiter8
1083 1798 1150 1868 hoc

10 1896 13 1901 ¹
79 1917 109 1972 et
131 1903 179 1972 ibi
206 1903 281 1972 fieri
300 1902 457 1991 tradunt,
485 1917 519 1972 et
547 1926 618 1973 esse
642 1903 811 1999 oesypum⁹
836 1902 1007 1972 hircorum
1037 1904 1149 1975 barbis

76 2009 280 2105 genibusque
309 2008 433 2079 villosis
462 2010 614 2094 haerens,
646 2010 705 2080 sed
731 2009 838 2080 ederae
863 2009 946 2079 flore
962 2008 985 2033 ¹⁰
1011 2011 1148 2099 deroso,

72 2250 155 2305 quos,
179 2230 332 2285 maleficum
355 2230 476 2297 animal,
505 2251 590 2303 capras
635 2230 788 2297 codicibus,
810 2243 868 2283 tum
888 2231 946 2284 aliis
959 2234 1148 2289 consentienti-

69 2308 182 2365 rodunt.
195 2310 261 2364 Vid.
272 2323 329 2364 not.
343 2311 386 2364 13.
396 2313 488 2364 Hono.
634 2311 692 2376 bus,
704 2311 814 2364 stobolon
827 2311 932 2382 legitur.
946 2312 1037 2365 Hsun.

112 2390 139 2442 3.
156 2390 261 2462 Captus.
285 2389 415 2444 Herodot.
434 2392 492 2457 ΙΙΙ,
519 2410 591 2444 11²:
677 2395 703 2446 8.
728 2390 864 2455 Similiter,
893 2403 944 2443 otc.
970 2391 1149 2455 Quemadmo·
1239 2410 1243 2417 ·

68 2472 102 2523 Τὸ
112 2465 143 2523 dl
153 2465 188 2528 δὴ
198 2466 323 2535 λήδανον,
333 2472 362 2523 rl
373 2463 476 2541 dpoissrot
488 2473 590 2525 καλέου-
635 2468 700 2522 dum
715 2471 743 2523 in
759 2470 857 2522 Arabia
870 2489 877 2521 ε
897 2489 976 2522 succo
998 2491 1095 2545 nempe
1116 2493 1148 2526 ex

70 2570 94 2602 st
104 2544 229 2618 λάδανον,
241 2552 278 2603 [τι
288 2550 375 2604 sabroe
389 2551 588 2622 θωυμασιώτερον
633 2551 799 2620 germinibus
813 2549 894 2602 erosis
906 2550 1023 2603 stillante
1031 2591 1039 2618 ‚
1047 2570 1077 2604 ac
1089 2554 1148 2606 bar·

67 2629 180 2699 γίννται·
195 2631 220 2682 ἐν
230 2627 278 2700 γὰρ
295 2626 478 2701 δυσοδμοτάτῳ
492 2632 590 2701 quips—
634 2629 674 2680 bis
683 2628 822 2682 hircorum
832 2627 1040 2694 adhaerescente‚
1049 2644 1098 2685 ete.
1111 2633 1146 2684 H.

67 2729 126 2775 νον,
139 2705 298 2768 obediretis
316 2711 369 2770 to·
387 2717 434 2765 τῶν
450 2709 497 2781 γὰρ
513 2711 587 2779 αἰγῶν
634 2708 737 2760 -Vet
744 2707 816 2778 apud
823 2708 956 2759 Dal.sncoo
963 2710 1149 2763 uillosinlrorra·

67 2794 119 2842 τῶν
143 2778 186 2857 (τι
203 2807 236 2842 ex
251 2790 403 2859 conjectura
413 2780 587 2858 Tidemanni)
632 2807 704 2853 scere,
712 2784 954 2857 baudasperuanda
961 2787 1083 2840 lectione.
1095 2792 1147 2843 En.

67 2869 169 2941 τράγων
192 2869 217 2921 δν
240 2871 304 2921 τοῖσι
326 2867 430 2938 πώγωσι
449 2870 587 2938 εὑρίσκεται
673 2886 701 2937 9.
726 2866 865 2938 OEsypum,
890 2863 987 2918 Sordes
1012 2867 1149 2937 pecudum

68 2949 237 3020 ἒγγινόμννον,
247 2941 293 3000 οἷον
304 2950 384 3027 γλοιὸς
397 2950 446 3000 ἀπὸ
460 2953 504 3010 τῆς
518 2950 586 3011 ὕλης·
631 2946 812 3018 sudoremque
839 2945 970 2998 feminum
996 2958 1022 2998 et
1047 2949 1148 3002 alarum

67 3029 188 3099 χρήσιμον
201 3023 262 3089 δ’ἐς
276 3026 359 3080 πολλὰ
374 3033 423 3081 τῶν
437 3028 517 3099 μύρων
533 3030 588 3094 tet,
631 3025 795 3099 adhaerentes
816 3026 883 3078 lanis
899 3045 1020 3096 oesypum
1037 3041 1148 3097 vocant,

67 3127 92 3160 κ.
107 3126 133 3160 τ.
145 3113 171 3160 λ.
189 3107 243 3158 En.
256 3110 260 3115 '
629 3105 717 3177 inquit
730 3106 798 3156 Plin.
809 3105 856 3157 lib.
866 3106 976 3172 XXIX,
987 3125 1010 3160 c.
1024 3125 1071 3172 ro,
1085 3128 1147 3161 cum

110 3193 127 3251 4
155 3185 297 3240 Geminum
306 3186 394 3240 caules
402 3185 455 3238 Vel
467 3185 586 3255 germina
630 3186 752 3239 Dioscor.
762 3185 799 3246 11,
815 3186 861 3248 84.
874 3184 1149 3240 Hono-Gerrhus·

67 3265 197 3318 caulium.
219 3265 311 3318 Hecu.
630 3285 683 3339 que.
694 3265 756 3316 Vct.
769 3262 841 3335 apud
856 3263 947 3317 Dalec.
960 3268 1082 3338 genisque.
1094 3269 1145 3325 En.

110 3345 139 3398 5·
151 3344 229 3399 Casus
238 3348 352 3413 mistura,
363 3357 412 3398 etc.
420 3344 528 3397 Habent
537 3346 585 3398 has
673 3363 713 3396 10.
728 3341 780 3394 Sed
797 3343 876 3394 ederae
886 3344 954 3414 flore
976 3344 1069 3401 deroso.
1091 3349 1144 3401 Rc·

65 3442 147 3478 voces
161 3423 267 3477 codices
278 3443 385 3488 amusos
396 3422 442 3478 sed
458 3425 585 3495 glossema
629 3437 704 3477 otene
727 3442 760 3474 an
783 3442 858 3475 secus
875 3423 1007 3476 senserint
1024 3425 1060 3489 ii,
1083 3447 1147 3498 quo-

64 3502 254 3569 inculcasse,
275 3502 351 3575 quod
368 3506 401 3558 ab
421 3523 468 3556 ora
480 3504 508 3555 in
523 3523 585 3557 con·
628 3523 689 3557 rum
704 3503 799 3573 placita
822 3501 855 3553 de
872 3500 969 3555 ladano
984 3504 1086 3558 Plinius
1103 3526 1146 3560 re·

64 3595 169 3636 textum
179 3583 324 3655 irrepserit,
330 3583 508 3637 rectecensuit
514 3584 584 3636 Pint.
628 3583 693 3647 lert,
705 3583 751 3653 qui
767 3600 799 3634 ex
813 3580 899 3634 ederae
912 3601 1004 3646 succo,
1019 3603 1065 3637 seu
1079 3584 1147 3640 flore

64 3651 266 3733 (adstipulante
276 3663 401 3717 salmasio
413 3654 432 3730 ).
443 3663 533 3716 tirno.
543 3696 584 3706 —
629 3661 734 3726 deroso,
749 3674 828 3733 atque
837 3680 869 3713 ex
884 3663 1015 3717 matutino
1022 3684 1084 3717 rore
1095 3667 1144 3738 qui

63 3741 207 3795 Glossema
215 3742 584 3796 est:tentabattamenerudi·
628 3760 661 3793 ex
672 3739 767 3794 eodem
783 3739 851 3793 flore
872 3740 1017 3808 decutitur,
1030 3744 1144 3799 inhaere·

64 3835 109 3874 tus
122 3822 266 3886 Patarius,
280 3842 338 3874 casu
349 3826 374 3874 in
390 3834 485 3874 terram.
498 3824 584 3876 Bnor.
628 3821 730 3891 scitque
748 3821 837 3874 barbis
846 3821 1006 3889 hircorum,
1025 3837 1145 3878 constare

107 3905 136 3954 6.
145 3901 290 3954 Nabataeis.
303 3904 344 3954 Dc
359 3903 402 3955 his
412 3903 467 3967 VI,
486 3903 533 3955 32.
549 3901 582 3954 lL
629 3899 818 3964 crediderunt,
836 3920 891 3953 nou
914 3913 952 3954 est
967 3915 1090 3956 nostrum
1105 3903 1144 3959 di-

107 3978 264 4051 7..Strobon.
281 3983 322 4035 Ita
334 3983 399 4054 Reg.
417 3995 445 4035 et
460 3981 536 4035 Colb.
548 3987 583 4034 At
626 3979 745 4049 judicare
759 3979 832 4052 quod
847 3980 949 4033 Plinius
963 3981 1020 4052 ipse
1032 3983 1142 4054 reliquit

61 4059 92 4111 in
103 4059 200 4114 Indice
217 4060 280 4115 libri
300 4062 381 4133 liujus
399 4062 506 4116 tumbis
519 4061 583 4133 ipsis
626 4061 654 4113 in
676 4057 780 4124 medio,
803 4079 860 4113 rem
881 4059 1002 4114 indicans
1024 4075 1139 4125 tantum,
