2656 4830
70 435 73 441 .
147 336 196 424 sn
430 336 469 402 c.
498 327 953 415 remississimo.

113 496 124 529 1
197 453 310 538 xxti.
330 464 417 535 Juba
435 465 524 535 circa
543 464 697 541 fruticem
720 465 893 560 lanugines
915 489 986 538 esse
1007 463 1131 560 tradit,
1149 464 1215 534 lin·

145 571 282 669 teaque¹
311 596 350 640 ea
370 570 493 640 Indicis
516 574 756 665 praestantiora
779 572 906 641 Arabiae
930 585 1041 642 autem
1067 571 1218 656 arbores,

147 707 188 751 ex
206 681 327 774 quibus
344 692 451 746 vestes
468 676 592 746 faciant
599 678 756 774 ,cynasi
752 680 910 764 vocari,
932 676 1011 748 folio
1021 675 1197 808 palmae
1173 703 1217 747 sr-

146 786 225 856 mili.
245 787 299 854 Sic
319 783 421 853 Indos
442 808 509 852 suae
527 787 663 854 arbores
684 787 837 854 vestiunt.
863 787 904 852 In
925 769 1032 878 Tylis³
1056 798 1168 854 autem
1187 797 1220 853 et

104 901 107 907 '
146 893 211 962 alia
238 891 339 975 arbor
370 890 468 958 floret
500 889 582 960 albae
613 891 707 961 violae
742 892 873 986 specie,
906 890 964 960 sed
995 890 1220 1027 magnitudine

147 988 371 1096 quadruplici,
406 998 476 1065 sine
504 997 624 1087 odore,
656 998 746 1092 quod
771 999 931 1067 miremur
960 999 994 1066 in
1015 982 1073 1065 eol
1098 1011 1219 1097 tna-actu

149 1206 199 1267 rit,
216 1215 268 1257 eto.
284 1204 428 1257 Bonnense
442 1199 546 1254 Srsrnn
559 1214 616 1254 not.
632 1201 661 1254 in
706 1200 806 1256 dicturi
822 1221 914 1254 sumus
927 1199 961 1253 de
974 1201 1106 1254 bombace
1120 1214 1146 1253 et
1164 1219 1222 1272 gos,-

149 1284 273 1355 Theoph.
290 1301 352 1354 pag.
369 1287 424 1352 ⁴²7
438 1300 476 1353 sq.
495 1311 534 1323 -
551 1281 664 1334 Bombos
707 1283 784 1352 sypio
803 1281 837 1335 ad
851 1283 998 1334 Excursum
1020 1282 1050 1332 II
1065 1278 1099 1333 ad
1122 1280 1219 1337 calcem

148 1366 301 1438 gossypinum
321 1375 348 1415 et
374 1359 519 1432 Gossypinm
534 1361 659 1414 arboreum
706 1363 786 1434 hujus
801 1362 872 1414 libri.
887 1361 940 1413 En.

149 1437 664 1513 (Monodpolyondgenmafldet1539,
748 1442 839 1494 XXII.
852 1460 877 1495 1.
891 1442 1067 1512 Linteoqneea.
1078 1440 1141 1493 Vet.
1150 1437 1223 1517 apud

150 1524 222 1576 Pers
246 1522 354 1576 lllaloor
378 1511 464 1588 Juss.)
489 1538 522 1572 ex
550 1521 665 1592 antiquis
708 1521 798 1574 Dalec.
813 1520 904 1591 adjicit
910 1519 978 1589 fieri
989 1519 1041 1572 Eu

151 1602 214 1656 inde
227 1601 417 1673 temporibus
409 1621 438 1653 m
450 1602 566 1671 AEgypto
576 1601 666 1664 culta
752 1619 777 1651 a.
792 1600 882 1664 Cynos.
897 1601 930 1651 In
946 1598 1040 1652 Indice
1053 1596 1223 1670 hujuslibri,

92 1684 97 1693 ’
149 1684 236 1736 lanam
247 1684 356 1756 sylinam
366 1675 586 1750 (nempeagraeco
594 1680 665 1750 Ευλω
712 1680 819 1751 Clynos.
829 1681 920 1733 Hanc.
931 1679 1086 1732 —Arobroe
1097 1690 1177 1729 antem
1187 1697 1225 1728 on·

139 1761 226 1835 quod
239 1762 312 1815 idem
332 1772 411 1830 atque
430 1756 596 1829 gossypium)
616 1760 666 1811 lar·
710 1759 907 1833 borm...c.ynos‚
920 1772 969 1812 etc
981 1733 1224 1831 Theophrastum

152 1845 281 1913 giuntur,
302 1857 389 1910 equa
408 1838 550 1909 pretiosam
572 1839 667 1908 byssum
710 1859 769 1910 sup.
780 1840 878 1908 citato:
899 1841 998 1893 Γίνεται
1011 1834 1041 1892 di
1054 1842 1128 1890 τοῦτο
1141 1838 1185 1889 καὶ
1200 1841 1223 1891 it

152 1920 272 1993 AEgyptii
287 1931 430 1971 texuerunt
448 1907 535 1985 (conl.
549 1918 664 1973 Forster
709 1910 802 1981 inicit,
815 1921 883 1972 ὥσπε
886 1921 1009 1990 piteglio,
1024 1919 1100 1972 nolis
1114 1909 1224 1988 Ᾰραὸίᾳ,

152 1996 557 2072 debyssoVeterumv111,Lond.
569 1997 665 2068 1776).
714 1959 804 2068 uapud
812 1998 892 2051 lndos
903 1998 1032 2052 etArabes
1040 2011 1120 2050 etiam
1128 2015 1224 2088 prove·

152 2079 305 2147 Herodotus
318 2077 365 2129 lib.
380 2078 437 2142 III,
451 2095 510 2146 cap.
531 2081 600 2142 106,
611 2097 666 2130 eas·
708 2079 748 2130 nit
757 2080 939 2145 haecarbor;·
958 2077 1032 2150 quod
1041 2076 1223 2130 recentiorum

152 2160 214 2213 dem
232 2160 339 2210 arbores
355 2156 491 2210 describit.
507 2157 578 2209 Male
594 2159 668 2210 iabu-
710 2159 894 2212 observatione
908 2158 1076 2211 verissimum
1085 2168 1222 2227 repertum

152 2240 224 2292 losus
249 2238 437 2303 Philostratus,
459 2236 515 2289 vit.
539 2237 666 2308 Apollon.
711 2251 757 2299 est,
769 2252 795 2291 et
804 2239 861 2308 ipse
870 2239 974 2290 Plinius
985 2237 1083 2290 fatetur
1092 2236 1224 2302 linxlx,

153 2320 197 2383 11,
216 2336 267 2379 oo,
291 2316 354 2369 folia
372 2316 459 2369 salicis
480 2316 576 2370 similia
595 2317 667 2370 facit.
710 2336 769 2388 cap.
787 2336 797 2368 r
812 2336 818 2370 :
834 2318 986 2388 «Superior
997 2336 1057 2387 pars
1071 2315 1184 2389 AEgypti
1198 2316 1225 2368 iu

154 2400 309 2451 Samson.
331 2427 369 2440 ·-
390 2395 516 2467 Gossypii
547 2397 669 2449 meminit
711 2397 838 2450 Arabiam
852 2417 962 2468 vergens
971 2396 1060 2468 gignit
1072 2396 1221 2449 fruitieem.»

154 2496 227 2548 aeque
236 2476 383 2547 Virgilius,
398 2475 522 2545 Georgia.
534 2477 575 2540 ll,
594 2495 667 2529 120:
713 2477 819 2547 Cyprus
842 2490 868 2536 et
890 2476 967 2548 Syria
987 2476 1107 2548 gossypii
1130 2473 1226 2547 plantis

158 2583 170 2605 a
188 2555 264 2622 Quid
282 2575 393 2608 nemora
415 2556 573 2625 AEthiopum
592 2555 669 2608 molli
712 2555 1215 2622 scatent;sedahrlrabicodifl'ertiilto

53 2653 55 2657 ’
155 2636 278 2689 canentia
292 2635 477 2689 tanat-cont.
490 2635 667 2708 Flor.Virgil.
712 2635 786 2707 quod
800 2637 948 2691 Arabicum
972 2638 1100 2689 arboreus
1121 2634 1226 2699 frutex,

155 2719 183 2769 in
193 2730 257 2770 tom.
269 2717 354 2780 vlit,
365 2716 427 2769 edit.
436 2728 505 2768 nost.
514 2735 573 2786 pag.
586 2735 666 2770 xvur.
711 2716 872 2769 herbaceum
879 2736 943 2770 vero
955 2715 1086 2787 Cyprium
1098 2728 1125 2767 et
1138 2714 1225 2785 Syria·

156 2797 229 2850 Clar.
240 2810 343 2850 nostras
360 2798 566 2849 Dnsronrnirms
579 2798 668 2866 seylon,
713 2815 783 2849 cum.
802 2798 918 2849 Arbores
932 2815 1007 2866 cynos
1016 2793 1180 2867 jampridem
1193 2789 1225 2847 ad

155 2876 210 2929 sive
216 2879 346 2949 gossypion
356 2876 437 2927 Plinii
446 2916 452 2936 ‚
461 2876 508 2927 lib.
516 2876 596 2938 XIX,
607 2893 629 2927 c.
644 2894 670 2939 1,
712 2875 951 2928 Bombocemceibom
959 2875 1028 2928 male
1034 2875 1225 2928 retulitAnsrt·

156 2955 190 3008 ad
202 2956 307 3028 Gossyp.
319 2955 457 3005 lierbocenm
467 2954 670 3006 Linn.referen·
713 2974 779 3019 sors,
790 2957 889 3010 Famill.
899 2956 940 3007 des
947 2956 1027 3025 plone.
1038 2968 1104 3009 tom.
1114 2955 1158 3019 11,
1168 2971 1224 3024 pag.

157 3034 223 3087 duni
233 3035 346 3105 judicat.
363 3035 426 3103 Ipse
440 3033 511 3085 enim
529 3033 557 3084 in
568 3033 610 3084 his
623 3032 670 3085 de·
716 3034 782 3098 534.
795 3035 860 3088 Vid.
871 3055 961 3108 super.
973 3054 1031 3104 cap.
1043 3048 1100 3087 not.
1114 3053 1156 3088 io.
1174 3035 1225 3085 En.

157 3114 233 3166 sertis
259 3114 387 3166 Barbarion
412 3112 581 3182 regionibus,
606 3132 671 3184 quas
756 3116 821 3167 3-In
830 3117 983 3185 Tylisautem
992 3115 1075 3166 etalio
1086 3115 1169 3178 orbor,
1179 3125 1226 3165 etc.

157 3193 238 3263 vulgo
259 3192 405 3261 Bidnlgerid
420 3204 532 3256 vocant,
553 3193 671 3263 plantam
713 3194 836 3265 Theoph.
851 3196 898 3248 lib.
916 3196 967 3261 lv,
984 3213 1042 3265 cap.
1061 3214 1076 3263 9
1094 3212 1101 3246 :
1119 3187 1187 3246 Εἶναι
1200 3186 1227 3251 ii

158 3291 216 3325 eam
232 3272 301 3325 vidit
315 3270 349 3326 ad
362 3291 438 3324 senos
456 3285 482 3324 et
498 3273 567 3325 ultra
590 3270 671 3343 pedes
714 3272 754 3325 noi
765 3271 963 3346 ἄλλαδένᾶρατὸ
973 3273 1226 3344 ἄνθοςιέχονταὸμοιὸν

158 3349 307 3406 altitudinis
331 3363 541 3417 excrescentem,
564 3352 669 3404 brachii
712 3362 748 3425 τῷ
765 3355 878 3426 λευκοΐῳ,
898 3357 961 3413 πλὴν
976 3349 1068 3424 alodiam
1081 3393 1088 3418 ,
1103 3360 1139 3424 τῷ
1157 3352 1229 3423 μιγέ-

157 3431 347 3497 crassitudine3
361 3432 424 3483 item
435 3432 465 3482 in
479 3435 596 3502 AEgypto
608 3432 671 3486 Gos·
713 3440 757 3494 θει,
773 3441 953 3506 τετραπλάσιον
962 3441 1011 3486 τῶν
1020 3435 1071 3486 ion.
1083 3433 1150 3504 Quae
1162 3450 1224 3505 qua·

159 3531 212 3581 syp.
223 3512 360 3563 lierbooenm
370 3511 504 3581 lignosum
517 3512 559 3565 Cl.
570 3514 670 3564 Damn-
714 3514 802 3584 lisque
819 3516 852 3567 sit
871 3515 951 3567 arhor
968 3515 1018 3566 ista
1035 3513 1132 3565 florens
1150 3512 1226 3565 viola

160 3609 203 3647 ns,
218 3591 264 3662 qui
275 3591 353 3643 aliam
366 3589 499 3661 Gossypii-
507 3593 621 3662 speeiem
635 3593 673 3644 ibi
718 3595 783 3645 albae
793 3595 897 3664 specie,
913 3592 959 3646 sed
970 3591 1153 3664 magnitudine
1165 3609 1227 3663 qua·

160 3670 276 3739 reperit,
289 3670 324 3723 G.
332 3671 601 3734 aitifoliuanavanill.
612 3673 674 3725 Nou
718 3671 848 3744 druplici‚
867 3693 952 3744 quum
974 3686 1094 3726 mancam
1117 3671 1228 3724 nimium

161 3761 199 3801 est
220 3749 302 3819 igitur
321 3748 395 3821 quod
412 3749 583 3816 dubitemus,
608 3744 676 3823 qtrin‘
717 3751 923 3826 descriptionem
943 3765 1036 3806 auctor
1057 3752 1135 3804 nobis
1157 3749 1229 3804 exhi·

160 3830 337 3898 gompmpinae
351 3831 459 3885 arbores
472 3831 554 3883 Plinii
573 3831 673 3884 eedem
717 3833 794 3896 beat,
803 3831 892 3886 dicere
907 3852 961 3885 non
972 3832 1110 3884 habemus.
1126 3833 1179 3885 En.

160 3908 288 3961 sinaeum
302 3910 400 3962 nostris
413 3911 558 3982 gossypiis‚
569 3923 599 3962 ut
611 3930 673 3964 ceu·
760 3918 787 3974 4.
804 3914 903 3966 Tracta.
916 3913 949 3964 In
960 3931 1014 3983 quo
1026 3923 1090 3964 sunt
1104 3912 1159 3963 fere
1173 3929 1229 3963 om·

161 4001 199 4040 set
218 3987 396 4061 Sprengelius.
416 3990 495 4047 Conf.
514 3990 592 4042 etiam
613 4009 674 4061 qum
719 3991 778 4053 uia,
790 4011 849 4064 quaa
857 3992 894 4044 ibi
906 3992 1061 4063 gignuntur,
1069 3990 1187 4043 odorata.
1195 3988 1227 4040 H.
