2656 4830
376 360 533 427 Ltuuu
560 328 650 428 itu.
998 357 1044 454 37

104 490 218 560 Primo
234 492 344 558 statim
363 492 501 560 introitu
516 492 623 560 amnis
642 490 717 559 Indi
736 492 769 559 in
792 492 904 562 Patale
922 491 1046 580 insula,

94 611 139 665 mt
157 597 227 689 ejus
250 620 391 690 genera3
415 599 566 690 nigrum,
586 613 619 666 et
641 597 730 692 quod
750 585 915 685 melius³,·
930 599 1046 669 candi·
1104 617 1108 625 ’

94 704 238 772 Pretium
257 703 291 770 iu
310 701 409 770 libras
420 728 453 770 x.
472 690 543 772 ur.⁴

94 812 155 879 VI.
178 811 230 878 De
252 807 331 877 folio
352 807 464 876 nardi¹
491 808 588 903 plura
609 808 673 877 dici
695 834 756 906 par
773 824 841 897 est,
863 824 902 880 ut
920 813 1044 905 princi·
1069 839 1080 872 1

108 917 297 1008 unguentis.
313 918 437 983 Frutex
457 913 526 984 est'
549 917 642 1010 gravi
661 930 695 984 et
713 940 823 985 crassa
845 916 971 1001 radice,
990 918 1048 988 sed

94 1046 131 1090 uc
145 1023 260 1115 nigra,
282 1020 471 1114 fragilique,
499 1024 652 1116 quamvis
672 1023 805 1118 pingui,
827 1024 926 1092 situm
949 1024 1047 1094 redo·

94 1141 143 1213 ‘ut
166 1113 312 1222 cyperi³,
338 1151 456 1222 aspero
476 1153 613 1223 sapore,
640 1127 720 1200 folio
741 1151 846 1223 parvo
868 1130 1046 1225 densoque.

94 1236 161 1303 tina
173 1235 208 1301 in
222 1235 340 1302 aristas
356 1259 390 1303 se
406 1222 609 1329 spargunt⁴:
629 1234 704 1304 ideo
720 1237 852 1330 gemina
861 1236 939 1305 dote
953 1237 1049 1307 nardi

94 1454 163 1496 stum
178 1442 315 1514 apportari
334 1445 491 1512 jussurum
579 1461 604 1494 a.
618 1441 712 1494 Fruten
725 1455 768 1495 est.
786 1442 891 1497 Diversi
906 1446 988 1517 igitur
1006 1466 1049 1518 ge·

108 1542 170 1575 eum
192 1523 259 1576 adeo
281 1522 389 1584 fefellit,
411 1535 441 1573 ut
465 1533 491 1574 et
534 1522 605 1574 neris
633 1541 648 1574 a
672 1521 780 1593 Syriaca
803 1522 908 1589 nardo,
934 1526 1048 1592 Celtica,

94 1603 236 1655 etiamnum
253 1601 368 1654 officinae
385 1601 491 1653 nullum
535 1601 693 1672 Creticaque
714 1619 722 1654 :
744 1621 803 1674 quae
824 1621 921 1673 genera
943 1607 1049 1671 omniu,

101 1700 197 1737 verum
208 1694 310 1735 costum
321 1679 489 1751 possideaut;
534 1700 589 1734 non
610 1682 730 1746 frutices,
747 1681 794 1735 sed
811 1683 901 1737 herbae
922 1697 995 1747 suut,
1020 1698 1050 1738 ut

95 1760 204 1814 dulcem
222 1761 312 1820 enim,
333 1779 414 1830 quem
426 1778 490 1814 ven·
534 1780 598 1814 mox
609 1760 723 1814 dicetur.
735 1763 828 1816 Hunc.

94 1840 220 1895 eumdem
238 1858 293 1893 esse
314 1860 376 1892 eum
396 1840 490 1891 canella
575 1840 602 1892 3.
621 1841 656 1893 Ut
668 1843 757 1912 cyperi.
769 1842 813 1894 Sic
827 1842 947 1896 Dioscor.
965 1846 997 1910 I,
1010 1849 1047 1898 6:

95 1921 144 1974 diu
151 1921 279 1992 comperi.
287 1919 396 1972 Indicus
403 1933 490 1973 costus
534 1920 586 1972 Καὶ
597 1919 663 1992 μετὰ
677 1928 720 1974 τοῦ
734 1921 878 1993 κυπειρίζιιν
890 1925 913 1974 ἐν
925 1928 956 1992 τῇ
967 1926 1049 1996 ὀσμῇ,

94 2014 107 2055 t
124 2000 200 2054 radix
215 2001 326 2053 Amomi
347 2000 487 2062 silvestris,
533 2010 557 2050 et
569 2001 642 2053 odore
650 2021 761 2073 cyperum
771 2005 887 2054 imitatur.
898 2004 938 2056 De
948 2022 1048 2075 cypero

104 2095 161 2134 atra
170 2100 225 2133 non
235 2081 277 2147 sit,
285 2094 373 2133 tamen
384 2080 491 2133 obscuri
533 2079 578 2132 cui
588 2078 657 2132 odor
671 2092 711 2134 est
727 2082 775 2152 qui
788 2081 904 2135 nardum
918 2081 1047 2148 imitetur,

94 2173 126 2214 cst
134 2161 243 2225 coluris,
253 2173 279 2212 et
287 2158 387 2212 nodosa
395 2155 490 2221 (Rum-
533 2157 654 2213 dicemus
663 2161 746 2225 XXI,
761 2180 806 2230 7⁰·
816 2162 885 2214 Atin
893 2161 970 2218 MSS.
982 2166 1048 2234 Reg.

94 2261 112 2293 a.
125 2244 154 2306 6,
162 2253 181 2294 t.
194 2232 254 2307 63).
264 2242 331 2305 Quae
341 2239 447 2311 Syriaca
457 2240 491 2293 sit
534 2239 611 2292 Colh.
625 2239 708 2293 Chitfl
721 2252 748 2293 et
763 2241 845 2294 Paris.
860 2242 920 2294 Hoc
930 2242 990 2296 loco
1004 2255 1048 2296 aut

96 2319 489 2392 planeignoro.CI.Lamarclt.
534 2338 667 2390 cupressum
686 2320 792 2390 legitur·
814 2323 906 2374 lirun.

94 2402 119 2466 I,
137 2398 201 2452 136.
220 2399 355 2453 Zedoariae
372 2397 490 2452 radicem
576 2405 602 2462 4.
614 2399 747 2453 Cacumina
759 2403 784 2451 in
795 2405 1046 2471 aristassespargunt.

94 2501 100 2532 t
118 2498 176 2533 esse
198 2498 259 2532 cum
276 2492 348 2532 costo
367 2479 491 2548 perhibet
534 2476 636 2531 Auctor
647 2479 709 2532 libri
720 2477 755 2531 de
769 2479 853 2550 Simp.
869 2480 940 2532 Med.
957 2479 990 2533 ad
1000 2481 1049 2534 Pa-

94 2578 141 2625 tra,
152 2578 212 2630 pag.
228 2560 274 2621 34.
288 2558 443 2612 Srnnueur..
533 2559 644 2611 ternian.
661 2560 731 2611 iuter
749 2559 844 2612 Galeni
864 2579 962 2631 opera,
980 2573 1046 2614 tom.

94 2640 135 2691 tud
147 2639 238 2691 melt'us.
252 2639 375 2692 Dioscor.
385 2640 435 2691 loc.
446 2639 490 2690 cit.
534 2637 620 2701 XIII,
638 2657 698 2709 pag.
718 2656 774 2707 999
794 2656 801 2688 ε
824 2664 835 2685 ι
855 2637 934 2709 Spica
950 2640 1046 2705 nardi,

94 2739 119 2772 u.
129 2719 178 2772 lih.
191 2719 246 2784 XI,
259 2738 285 2790 p.
303 2738 366 2771 202.
380 2718 470 2771 Htun.
533 2716 637 2787 inquit,
647 2716 681 2768 ad
696 2715 899 2770 similitudinem
909 2720 1047 2788 cognomi·

94 2802 169 2851 etium
187 2802 213 2851 in
224 2799 313 2857 libras,
331 2799 369 2850 X.
386 2799 434 2851 VI.
450 2799 491 2851 Ita
535 2808 595 2850 nata
615 2809 654 2848 est
673 2814 680 2847 ε
704 2794 797 2848 similis
818 2807 857 2848 est
873 2797 946 2848 enim
967 2799 1046 2867 spicae

94 2877 225 2931 iheudum
243 2877 399 2948 pronuntiat
422 2878 491 2930 Har·
534 2875 676 2940 frumenti,
694 2888 720 2928 et
732 2874 862 2944 plurimas
878 2874 959 2928 habet
975 2881 1047 2929 velut

103 2977 158 3011 uon
170 2959 243 3011 XVI
246 2977 256 3019 ,·
264 2959 316 3010 hoc
327 2968 379 3020 cst,
389 2956 490 3010 denarii
535 2957 639 3020 aristas,
654 2968 704 3008 etc.
722 2981 733 3002 ι
751 2954 864 3020 Statius,
879 2956 945 3008 Silv.
956 2958 992 3020 V,
1009 2957 1045 3017 3,

94 3039 102 3090 i
124 3051 237 3090 monetae
255 3051 352 3090 nostrae
372 3036 492 3090 efficiunt
537 3037 572 3098 43
589 3054 595 3087 :
612 3061 623 3082 ι
635 3034 758 3088 odoratas
773 3054 824 3087 nec
844 3034 932 3088 Arabs
953 3035 1047 3089 decer·

94 3137 115 3170 c.
128 3118 181 3170 En.
533 3115 587 3185 psit
603 3116 701 3168 aristas·
723 3139 733 3161 »ι
752 3114 849 3184 Spicn,
872 3133 918 3168 seu
941 3117 1046 3183 aristas,

94 3198 122 3249 Ἰ.
139 3214 163 3249 1.
174 3197 214 3247 De
223 3197 289 3264 solio
300 3197 380 3248 nardi.
393 3197 433 3246 De
444 3196 490 3259 In·
534 3194 598 3247 folio
608 3214 694 3264 parvo
702 3194 838 3265 densoque
844 3208 974 3249 coustant.
982 3198 1048 3250 Nar-v

94 3275 143 3329 cdo
161 3277 220 3328 haec
248 3288 311 3328 sunt
327 3275 489 3346 accipienda.
534 3273 584 3326 dus
598 3273 699 3328 idcirco
711 3272 806 3327 Indica
819 3275 926 3345 gemino
937 3277 1047 3330 numine

93 3356 233 3422 bathrum,
244 3353 493 3425 sivepiltav,nardi
534 3353 747 3418 commendatur,
761 3354 855 3426 spica,
871 3366 897 3406 ct
911 3355 1046 3410 foliorum.

94 3453 158 3502 esse,
173 3435 301 3507 deceptus
310 3435 412 3488 Plinius
420 3433 491 3505 judi·
534 3434 692 3505 Quanquam
705 3433 782 3486 nardi
791 3435 886 3504 spicaa
901 3434 1003 3488 Galeno
1014 3435 1048 3490 de

94 3533 140 3587 {uo
165 3533 255 3568 errore
276 3516 363 3587 lapsos
384 3532 490 3586 quoque
534 3513 623 3566 Antid.
639 3517 670 3578 I,
686 3519 719 3576 14
730 3549 737 3576 ,
750 3532 800 3583 pro
808 3513 898 3566 radice
909 3514 1047 3584 accipitur,

94 3595 158 3649 ulios
168 3595 247 3647 luisse
256 3593 426 3648 Dioscorides
437 3606 491 3646 tra·
535 3595 661 3663 quoniam
682 3611 743 3665 quac
767 3611 830 3664 pars
849 3593 927 3662 spicae
948 3612 1048 3649 nomeu

94 3693 154 3728 une.
170 3706 211 3715 -
229 3677 269 3726 De
288 3674 378 3728 Nardo
402 3673 491 3727 indico
535 3671 723 3737 habet,radici
732 3684 771 3725 est
779 3677 908 3743 proxima.
919 3673 979 3726 Hoc
992 3694 1050 3728 nar·

94 3755 145 3806 >his
164 3767 203 3808 est
226 3753 413 3825 Andropogon
434 3772 492 3806 nar·
535 3751 601 3805 dum
614 3764 652 3805 est
665 3752 789 3823 pisticum
805 3747 899 3816 (Joan.
915 3753 985 3819 XII,
1003 3747 1050 3822 3),

94 3834 251 3899 ralobathro,
267 3847 293 3887 et
306 3834 384 3886 nardi
397 3834 492 3905 specie·
537 3832 630 3893 fidele,
643 3834 778 3903 probum,
792 3852 848 3885 nun
858 3831 1051 3898 adulteratum

94 3911 121 3966 td
134 3915 258 3978 Veteres,
274 3914 334 3966 vide
347 3915 494 3966 Excursum
538 3911 584 3965 sed
597 3908 637 3974 (ut
649 3930 713 3964 mox
733 3913 837 3966 Plinius
852 3909 1051 3978 dicet),siuce·
1119 3942 1126 3951 x

100 3992 182 4046 finem
198 3995 276 4065 hujus
290 3994 361 4047 libri.
371 3994 423 4047 Eu.
539 4012 607 4046 rum.
623 3994 656 4045 In
673 3993 796 4057 Batavis,
808 3990 895 4045 Indiae
911 4009 989 4062 agro,
1006 4013 1053 4046 na·

876 4084 920 4167 32
