2656 4830
193 400 239 446 so
466 374 503 444 C.
530 374 701 444 PLINII
725 375 832 470 nat.
859 371 991 483 urst.

191 510 298 604 pomi,
316 505 537 600 cynorrhodo.
553 508 676 576 Serunt
689 529 763 574 eam
782 508 821 575 in
844 507 986 599 campis,
1006 528 1068 573 nee
1081 518 1132 573 est
1143 503 1279 598 gratior

190 615 346 684 villarum
364 627 560 708 prospectus
568 598 591 681 ⁵.

163 749 175 784 ι
249 723 344 789 XIV.
364 718 463 794 Oliva
481 718 583 787 Indiae
598 721 736 804 sterilis,
760 733 981 813 praeterquam
1000 715 1133 786 oleastri
1147 716 1273 786 fructu.
1304 744 1306 751 ·

195 818 288 914 (vir.)
312 827 435 895 Passim
455 824 555 894 vero¹
580 850 654 919 quae
672 830 769 922 piper
787 827 950 919 gignunt,
969 825 1130 918 juniperis
1149 826 1275 893 nostris
1302 823 1306 833 '

197 932 346 1002 similes:
370 956 560 1025 quanquam
587 933 623 1001 in
651 932 762 1003 fronte
796 931 937 1000 Caucasi
969 929 1092 999 solibus
1114 931 1273 1024 ,opposita

197 1041 424 1135 gignitantum
436 1061 491 1106 eas
501 1036 602 1130 aliqui
616 1039 792 1108 tradidere.
803 1039 935 1106 Semina
949 1060 969 1104 a
979 1036 1135 1130 junipero
1147 1036 1272 1105 distant

196 1144 344 1241 parvulis
373 1139 516 1238 siliquis,
538 1144 650 1237 quales
671 1147 705 1213 in
730 1143 861 1213 faseolis
881 1142 1043 1212 videmus.
1066 1145 1145 1230 Hae,
1163 1145 1270 1237 prius·

197 1249 314 1347 qnam²
331 1250 521 1337 dehiscant,
541 1250 727 1346 decerptae,
750 1265 909 1344 tostaeque
929 1249 1018 1336 sole,
1040 1248 1166 1318 faciunt
1181 1248 1270 1343 quod

103 1491 106 1497 ·
197 1475 248 1548 lyae
260 1472 711 1546 bombyciaorrlrodo.Prar.—Calyx
755 1473 848 1540 ribus,
865 1467 1014 1543 zingiberi,
1034 1483 1059 1525 et
1077 1469 1112 1524 de
1122 1472 1214 1544 planta
1228 1489 1269 1535 ea,

197 1565 236 1607 est
258 1553 407 1616 folliculus,
425 1571 478 1622 quo
497 1550 664 1617 dehiscente,
681 1553 710 1604 in
757 1571 816 1623 quae
842 1553 929 1606 Plinio
949 1552 1029 1625 piper
1054 1551 1177 1604 italicum
1199 1551 1270 1616 fuit,

197 1652 244 1686 sua
252 1633 313 1687 folia
323 1633 441 1705 primum
450 1647 478 1683 se
487 1630 566 1683 flores
577 1630 712 1702 pandunt,
757 1632 928 1702 Dalecampio
940 1644 1028 1683 autem
1036 1631 1196 1702 Isonnigrum
1202 1671 1211 1695 ,
1225 1629 1272 1683 de·

197 1726 228 1766 ut
239 1715 267 1765 in
278 1713 345 1765 rosis
359 1729 365 1763 :
382 1729 444 1763 mox
457 1728 569 1781 pomum
577 1711 712 1764 fructusve
757 1713 887 1782 scriptum
901 1713 933 1763 ab
948 1729 981 1764 eo
992 1711 1020 1763 in
1030 1711 1098 1764 Hist.
1105 1712 1273 1781 plantarum,

197 1793 320 1862 emergit.
330 1790 510 1861 Theophrast.
528 1790 623 1842 folium
635 1810 712 1843 moro
756 1790 890 1845 videExc.
899 1793 940 1842 IV
949 1789 982 1842 ad
993 1792 1092 1843 calcem
1099 1792 1212 1862 huj.lib.
1220 1792 1275 1844 En.

198 1872 284 1924 simile
291 1869 392 1941 pariter
401 1887 456 1922 esse
463 1868 554 1934 tradit,
563 1883 645 1922 totam
655 1872 714 1923 stir-
800 1891 826 1925 a.
838 1873 904 1936 Hae,
915 1875 1056 1942 priusquam
1069 1871 1208 1936 dehiscant,
1222 1884 1275 1924 ete.

149 1966 152 1970 “
198 1970 262 2023 pens
283 1947 481 2020 cynorrhodor
507 1951 541 2002 Τὸ
564 1951 605 2019 μὲν
628 1952 713 2020 φύλλον
759 1952 869 2022 Siliquae
896 1951 1044 2015 nimirum,
1074 1952 1173 2022 quibus
1196 1953 1280 2023 piper

200 2032 281 2102 dputes
294 2035 327 2098 τῇ
338 2030 475 2099 συκαμίνῳ·
489 2030 516 2082 τὸ
528 2028 570 2082 καὶ
577 2029 630 2082 ὅλον
641 2031 712 2099 φυτὸν
722 2071 724 2075 -
758 2031 918 2084 continetur.
933 2030 995 2083 Fuit
1006 2031 1063 2083 huc
1074 2031 1204 2084 Veterum
1215 2031 1278 2103 opi-

201 2105 320 2174 (rectius
334 2108 457 2160 Plinium
473 2109 565 2178 legisse
583 2109 714 2174 arbitror,
759 2110 820 2172 nio,
838 2113 917 2182 piper
938 2122 999 2162 ante
1020 2111 1199 2164 maturitatem
1221 2112 1277 2163 col-

201 2192 230 2243 τὸ
262 2190 338 2260 μήλου
356 2183 478 2252 adstrue)
500 2191 551 2250 τοῖς
579 2186 714 2259 antepedes<
760 2191 872 2254 lectum,
892 2188 1036 2242 candidum
1047 2207 1121 2242 esse:
1136 2189 1210 2244 idem
1221 2209 1279 2245 ma·

202 2271 293 2340 dputes.
306 2270 397 2320 Hann.
761 2271 871 2323 turitate
885 2271 1042 2340 nigrescere.
1054 2270 1160 2322 Itanon
1170 2271 1275 2324 Plinius

245 2351 271 2401 5.
288 2341 410 2400 Villarum
417 2361 562 2419 prospectus.
574 2350 619 2402 Sic
630 2368 718 2403 emen·
761 2349 857 2410 modo,
878 2351 987 2420 ejusque
1008 2350 1185 2420 transcriptor
1205 2350 1274 2403 Soli·

203 2426 325 2480 darimus
334 2445 366 2480 ex
377 2430 441 2498 Reg.
460 2447 485 2493 r,
497 2450 523 2492 2,
536 2442 563 2481 et
576 2430 660 2482 Paris.
674 2448 718 2482 co·
762 2448 829 2494 nus,
841 2431 893 2481 loc.
906 2430 951 2482 cit.
966 2427 1012 2481 sed
1026 2441 1053 2481 et
1068 2428 1157 2493 Diosc.
1171 2430 1220 2483 lib.
1233 2431 1270 2492 ΙΙ,
1304 2443 1306 2449 ’

203 2506 296 2561 dicum
320 2507 484 2560 auctoritate.
509 2509 586 2561 Prius
614 2509 718 2560 ullarum
763 2527 821 2578 cap.
842 2511 912 2576 1893
935 2520 1028 2560 auctor
1048 2507 1112 2560 libri
1128 2508 1163 2562 de
1181 2508 1272 2581 Simpl.
1316 2488 1320 2585 l,

204 2588 357 2658 legebatur3
371 2587 510 2639 Pintianus
520 2591 646 2640 vinearum
665 2607 719 2641 ma·
763 2587 860 2641 medic.
874 2587 909 2642 ad
919 2589 1025 2640 Patern.
1039 2589 1110 2641 inter
1125 2608 1207 2659 opera
1222 2590 1272 2644 Ga·

204 2667 286 2720 lebat.
303 2666 402 2719 Villam
418 2685 469 2738 pro
487 2666 564 2721 vinea
585 2666 718 2720 diminute
763 2667 828 2728 leni,
840 2681 904 2720 tom.
917 2667 995 2731 XIII,
1004 2685 1064 2737 pag.
1078 2668 1272 2738 9973Galenus
1301 2707 1304 2713 ·

205 2745 307 2800 dictum
324 2764 341 2798 a
354 2746 444 2798 Plinio
455 2748 628 2817 suspicamur,
646 2746 718 2817 quod
764 2746 830 2816 ipse,
843 2747 889 2798 lib.
900 2747 981 2802 VIII,
994 2746 1165 2817 Simplicium
1179 2747 1271 2802 medic.

205 2828 243 2880 ita
253 2827 357 2897 exigere
369 2825 549 2895 Theophrasti
561 2827 636 2878 locus
647 2826 721 2878 vide·
764 2843 824 2895 pag.
838 2845 904 2892 217,
918 2825 1025 2895 aliique.
1045 2828 1067 2877 E
1082 2827 1272 2882 recentioribus

207 2919 260 2960 tur.
275 2906 320 2959 Sic
331 2905 404 2957 enim
418 2904 480 2968 ille,
492 2904 559 2957 Hist.
574 2905 660 2957 Plant.
668 2906 719 2970 IV,
766 2919 860 2958 contra
871 2905 985 2970 Clusius,
997 2907 1089 2957 Arom.
1098 2905 1144 2959 lib.
1160 2909 1184 2971 I,
1195 2928 1219 2961 c.
1233 2928 1272 2971 aa,

89 2990 97 3002 ‘
208 2973 269 3055 cap·
286 2978 541 3037 &romaneto
557 2988 608 3044 τοῖς
623 2981 720 3045 πεδίοις
765 3003 823 3056 pag.
841 2987 911 3049 182,
927 2997 954 3036 et
966 2984 1010 3036 alii
1025 2987 1094 3038 bene
1105 2987 1201 3052 multi,
1217 2988 1274 3059 qui-
1314 3046 1315 3053 ἵ

210 3066 270 3119 αὐτὸ
289 3071 348 3116 κατ’
366 3064 459 3133 ὄρχους·
483 3058 719 3136 transtretantes
765 3065 815 3118 bus
825 3064 966 3117 Salmasius
977 3065 1144 3129 savet,Nott.
1154 3067 1182 3118 in
1192 3067 1272 3120 Solin.

208 3147 327 3215 ἀφορῶσιν
340 3142 445 3213 ἄμπελοι
457 3143 593 3212 φαίνονται.
609 3143 721 3196 «Serum
765 3162 824 3215 pag.
836 3150 919 3209 1026,
931 3144 976 3196 uhi
986 3144 1107 3197 Clusium
1115 3147 1274 3212 transcribit,

208 3237 252 3277 tur
278 3224 308 3274 in
328 3222 429 3292 eampis
448 3221 593 3274 ordinatim
607 3242 615 3276 ι
628 3241 721 3293 quarn-
765 3222 881 3277 diversas
897 3225 949 3277 albi
963 3242 993 3275 ac
1006 3224 1077 3295 nigri
1088 3225 1188 3297 piperis
1204 3229 1274 3298 plau·

209 3305 304 3356 obrem
321 3303 424 3354 eminus
445 3302 615 3354 cernentibus
636 3302 721 3356 vineae
766 3316 804 3356 tas
821 3322 876 3356 esse
892 3316 1065 3370 censuerunt,
1081 3306 1119 3357 uti
1137 3306 1199 3358 vitis
1211 3309 1274 3360 alba

210 3380 489 3437 esseexistimantur.·
507 3380 600 3434 Hsan.
766 3401 797 3437 ac
820 3384 914 3453 nigrae.
945 3383 1060 3456 Utrique
1082 3383 1228 3438 Saracenos
1249 3387 1275 3438 in

248 3462 326 3516 XIV.
344 3478 369 3512 r.
383 3460 416 3512 P.
429 3479 487 3510 vero
499 3479 552 3530 quoe
562 3481 590 3531 p.
601 3464 720 3530 gignunt,
765 3463 835 3515 notis
846 3462 880 3514 ad
891 3463 980 3516 Diosc.
992 3462 1208 3535 experientiaque
1221 3465 1276 3538 ipsa

209 3553 258 3595 etc.
284 3539 402 3593 Plinium
426 3541 577 3593 transcribit
597 3541 717 3603 Solinus,
765 3541 937 3595 adversatur:
950 3555 1052 3595 constat
1065 3543 1136 3595 enim
1149 3545 1228 3616 piper
1240 3546 1277 3598 ul·

209 3639 233 3672 c.
245 3638 296 3673 su.
311 3620 592 3690 Herm—Quanquam
605 3623 630 3672 ia
637 3622 722 3688 fronte
763 3621 849 3690 bum,
875 3620 948 3692 quod
977 3621 1011 3674 ad
1038 3642 1087 3674 nos
1111 3624 1277 3689 convehitur,

211 3699 326 3763 Caucasi,
340 3711 391 3752 etc.
404 3699 506 3751 Eorum
521 3718 603 3769 porro
616 3702 719 3773 opinio,
765 3701 854 3771 ipsum
867 3702 946 3771 piper
964 3701 1070 3770 nigrum
1091 3721 1159 3766 esse,
1175 3705 1278 3759 cortice

208 3779 254 3848 qui
279 3777 413 3831 tradidere
441 3778 520 3849 piper
541 3779 570 3831 in
595 3798 624 3832 ea
648 3793 723 3852 parte
765 3799 815 3831 suo
838 3780 917 3851 nigro
939 3799 1089 3852 rugosoque
1109 3784 1274 3854 spoliatum:

209 3857 319 3911 Caucasi
338 3875 399 3929 quae
419 3858 518 3911 solibus
530 3861 652 3930 opposita
666 3872 722 3925 est,
766 3878 819 3930 quo
840 3861 938 3914 cortice
959 3859 1078 3913 nudatur
1096 3875 1170 3925 tum,
1194 3882 1277 3935 quum

208 3931 314 3990 'tantum
328 3938 419 4009 gigni,
435 3956 544 4008 prorsus
563 3938 644 3992 hodie
658 3939 722 3992 falsa
764 3938 815 3991 soli
837 3940 980 4010 objectum*
996 3953 1121 3994 torretur.
1145 3932 1276 4013 :Longum

143 4022 147 4034 '
207 4015 426 4090 deprehenditur.
437 4017 574 4073 διαθῇ-,-
587 4020 627 4072 De
642 4020 722 4090 pipe-
765 4037 830 4072 vero
850 4020 927 4091 piper
938 4018 1080 4074 erotundo
1096 4020 1231 4075 diversum
1248 4023 1275 4075 in
