2656 4830
210 381 252 449 18
477 377 514 444 C.
543 376 711 446 PLINII
736 376 843 445 NAT.
868 378 999 446 HIST.

205 528 313 597 tatur,
341 509 549 605 longitudine
574 511 675 578 trium
706 496 942 593 cubitoruml,
966 507 1139 578 latitudine
1168 511 1287 583 duum.

205 623 365 687 Fructum
381 619 504 686 cortice
520 603 657 703 mittit⁵‚
680 614 907 685 admirabilem
927 617 1017 684 succi
1031 613 1288 707 dulcedine,·ut

204 749 274 792 uno
295 734 475 817 quaternos
491 725 596 792 satiet.
619 722 741 792 Arbori
759 746 883 790 nomen
906 721 1006 817 palae,
1032 747 1135 817 pomo
1152 726 1285 796 arienae.

205 830 351 899 Plurima
366 844 415 899 est
432 831 466 897 in
480 813 654 924 Sydracis⁶
674 828 921 924 expeditionum
936 827 1114 897 Alexandri
1127 833 1285 902 termino.

205 940 268 1006 Est
280 950 314 1004 et
328 935 409 1004 alia⁷
425 935 539 1005 similis
553 936 650 1018 huic,
669 935 799 1004 dulcior
821 960 939 1028 pomo,
960 935 1018 1004 sed
1032 937 1283 1008 interaneorum

189 1028 402 1145 ⁸valetudini8
416 1042 535 1111 infe'sta
545 1040 567 1109 ⁹.
583 1041 742 1110 Edixerat
752 1040 951 1128 Alexander,
967 1066 1010 1109 ne
1025 1040 1284 1138 quis¹⁰agminis

206 1151 255 1218 sui
275 1148 308 1217 id
324 1173 462 1245 pomum
478 1150 665 1242 attingeret.

172 1284 184 1318 1
257 1258 354 1324 XIII.
379 1257 512 1324 Genera
530 1253 689 1323 arborum
703 1253 907 1323 Macedones
925 1251 1136 1338 narravere¹‚
1157 1257 1284 1351 majore

121 1504 124 1509 .
204 1458 227 1510 ai
244 1458 343 1527 σοφοὶ...
360 1442 560 1526 traparllodrl
575 1456 659 1525 φύλλον
673 1455 718 1512 τὴν
764 1455 857 1508 Hann.
877 1486 918 1497 —
943 1455 1050 1507 Dulcior
1069 1474 1150 1526 pomo.
1182 1456 1284 1514 Fruotu

205 1539 247 1609 μὶν
266 1537 357 1610 μορφὴν
375 1538 516 1606 amparare,
529 1537 580 1595 τοῖς
590 1542 639 1587 τῶν
649 1553 720 1604 epao-
764 1534 861 1604 longo;
873 1545 1006 1599 contorto,
1019 1554 1075 1589 non
1085 1550 1173 1602 κοῖος
1184 1538 1213 1593 in
1222 1540 1284 1594 eiho

204 1623 251 1670 θῶν
273 1618 371 1687 πτεροῖς
399 1617 480 1686 ὅμοιον
501 1616 517 1666 ἃ
542 1615 721 1684 παρατίθενται
764 1614 848 1665 suavi.
865 1613 1041 1684 Theophrast.
1062 1614 1114 1670 loc.
1135 1617 1182 1670 cit.
1207 1619 1284 1677 Hane

204 1697 275 1768 napa
295 1695 428 1765 altapetra.
443 1697 478 1747 Et
493 1693 593 1747 Grecis
611 1692 722 1764 quidem
764 1691 958 1745 Tamarindum
972 1707 1095 1748 nostrum
1102 1714 1161 1751 esse
1174 1712 1281 1769 putant.

205 1779 319 1847 ςρουθὸς,
333 1774 388 1826 avis
403 1774 527 1844 quaelibet
538 1771 638 1826 dicitur
653 1792 660 1825 ε
675 1771 721 1825 sed
765 1773 866 1827 Dauno.
878 1801 920 1813 -
936 1775 1099 1829 Tamariadas
1110 1777 1191 1830 indica
1200 1779 1282 1832 Liuia

206 1856 289 1909 Attici
298 1855 343 1911 τὴν
354 1855 451 1923 <pentir
466 1853 722 1906 Strtrthioeamelum
765 1847 933 1923 (Monadelplr.
946 1855 1035 1906 triaad.
1044 1873 1105 1925 gen.
1118 1855 1199 1917 1581,
1209 1858 1282 1913 Pers.

207 1937 293 1989 solent
314 1935 466 2005 appellare,
488 1945 519 1986 ut
540 1952 573 1986 ex
588 1933 721 2003 Hesyehio
765 1923 1078 2001 teguminatunffln.

206 2016 302 2085 liquet.
319 2014 355 2065 Et
365 2014 402 2066 sie
418 2013 551 2086 accepisse
564 2013 722 2083 Theophra·
807 2016 833 2067 8.
850 2014 1030 2065 Interaaeoram
1052 2015 1211 2083 valetudini,
1231 2031 1281 2072 eta.

135 2125 137 2129 ·
207 2106 278 2148 stum
302 2093 424 2164 apposita
442 2106 514 2144 nota
543 2092 723 2156 demonstrat,
765 2092 875 2145 Ventris
887 2105 913 2145 et
927 2093 1133 2149 intestinorum:
1148 2099 1173 2150 la
1188 2102 1223 2166 τῇ
1233 2118 1282 2153 aaa·

207 2193 291 2246 quum
306 2174 344 2226 ait
356 2172 439 2245 hujus
451 2172 553 2226 arboris
568 2172 631 2225 solia
643 2172 723 2242 galeis
765 2168 990 2244 λίᾳδηγμὸνποιιῖ,
1003 2173 1045 2227 καὶ
1055 2170 1230 2248 donaremini,
1240 2178 1281 2231 in·

207 2253 321 2325 imponi.
341 2252 434 2305 Haan.
766 2252 1037 2322 quitTheophrastus‚
1048 2273 1170 2311 «morsus
1179 2258 1208 2311 in
1223 2258 1283 2312 alvo

250 2339 276 2396 ά.
293 2335 377 2385 triam
391 2333 531 2384 cubitorum.
544 2332 721 2401 Theophrast.
766 2332 843 2398 lacit,
856 2345 882 2384 et
898 2331 1085 2404 dysenteriam.
1099 2360 1112 2381 ι
1135 2335 1215 2390 Haud
1226 2338 1282 2392 fru-

107 2464 109 2470 ,
208 2412 325 2466 duorum
336 2425 455 2478 tantum,
468 2417 545 2483 μῆκος
559 2407 588 2464 dl
602 2407 723 2472 ὡςδιπη-
766 2423 818 2465 stra
832 2424 895 2464 sunt
908 2411 955 2483 qui
976 2412 1189 2471 tamarindorutu
1206 2419 1283 2471 arho-

208 2495 301 2561 χυαῖον.
324 2495 360 2544 At
379 2491 496 2545 videtur
508 2492 620 2544 mutilus
632 2491 722 2543 Theo·
765 2509 821 2543 rem
835 2493 903 2544 hanc
912 2509 966 2545 esse
974 2507 1160 2563 augurantur:
1175 2515 1240 2551 nam
1255 2509 1282 2551 et

208 2571 310 2642 phi-asti
326 2572 417 2636 loeus,
431 2590 462 2625 ex
482 2573 544 2625 loco
557 2571 638 2623 Plinii
655 2571 723 2625 inte·
765 2571 845 2639 hujus
873 2568 973 2644 dactyli
991 2573 1083 2626 alvum
1106 2575 1192 2640 cient,
1217 2589 1283 2635 teate

209 2671 257 2722 gro
273 2650 550 2723 supplendusllann.
765 2650 922 2717 Matthiolo,
945 2652 974 2703 in
1001 2653 1049 2704 lib.
1073 2654 1101 2719 Ι,
1128 2654 1282 2712 Dioscorid.

252 2731 278 2785 5.
290 2731 407 2785 Fructum
415 2735 501 2784 cortice
513 2733 593 2784 mittit.
610 2731 651 2785 Ex
663 2730 722 2802 ipso
765 2750 826 2802 pag.
844 2750 907 2784 nro.
918 2733 1008 2785 Hann.

208 2811 290 2865 eaulis
318 2813 418 2865 cortice
448 2813 549 2864 fructus
571 2811 721 2863 enascitur.
807 2811 1024 2879 9.Iateraaeoram
1036 2813 1174 2867 valetudini
1183 2818 1281 2884 inserta.

111 2928 114 2933 -
209 2892 300 2944 Haeo.
312 2890 436 2944 -Edia
451 2902 513 2943 ante
526 2887 611 2942 Hard.
625 2893 721 2940 emittit.
766 2889 869 2943 Censeo
878 2890 1284 2963 scripsissePliniumoaletudipa

210 2972 262 3024 En.
278 3002 319 3013 -
333 2970 428 3022 Arbori
447 2988 530 3021 nomen
550 2969 632 3039 pala,
650 2987 723 3039 pomo
767 2971 867 3036 infesto,
881 2971 935 3023 hoc
947 2983 1000 3034 est,
1011 2974 1124 3036 morbo,
1137 2987 1168 3028 ut
1181 2976 1283 3044 passi:

208 3055 306 3103 ariera.
339 3049 408 3112 Non,
423 3049 504 3102 habet
528 3049 585 3101 hae
613 3047 723 3100 nomina
765 3068 795 3101 ea
816 3062 880 3115 voce
905 3050 1002 3119 optimi
1030 3052 1130 3123 quique
1158 3066 1283 3111 utuntur.

208 3130 384 3200 Theophrast.
411 3129 511 3181 Arbori
540 3147 638 3180 nomen
668 3147 722 3180 esse
765 3129 894 3183 Infesturn
909 3143 948 3182 est
963 3128 992 3181 id
1009 3149 1122 3202 pomum
1136 3153 1187 3200 eo,
1209 3135 1285 3208 quod

209 3211 262 3260 tala
278 3209 314 3261 ait
327 3208 458 3263 Arrianus
468 3209 496 3260 in
513 3206 600 3260 Indio.
612 3228 640 3278 p.
656 3208 721 3261 522.
765 3209 966 3263 interaneorum
976 3210 1225 3278 valetudinem,vel
1236 3216 1285 3271 do·

208 3288 299 3341 Hann.
312 3287 407 3340 -An
418 3281 523 3339 ariera?
541 3288 620 3341 Certe
633 3288 660 3339 in
676 3288 722 3339 In·
765 3290 836 3345 lorea
855 3290 954 3362 gignat.
971 3289 1098 3346 Gnouov.
1113 3326 1153 3337 -
1168 3293 1216 3348 sie
1232 3296 1283 3351 lib.

208 3367 269 3420 dice
281 3369 360 3438 hujus
377 3369 440 3420 libri
456 3385 488 3420 ao
505 3367 572 3432 loci,
586 3371 673 3419 ariana
687 3368 723 3420 le·
767 3372 871 3435 ornnes,
887 3389 943 3423 non
960 3370 1063 3436 inserto,
1078 3384 1108 3424 ut
1122 3373 1179 3428 vult
1194 3375 1283 3430 Gron.

207 3447 287 3517 gitur.
299 3449 352 3500 Eu.
709 3457 712 3463 ’
767 3448 870 3502 Eodem
884 3468 966 3521 pomo
980 3448 1171 3519 dulcisarhor,
1184 3455 1284 3509 eodem

249 3529 275 3578 6.
288 3528 319 3579 In
332 3527 457 3598 Sydracis.
466 3525 559 3579 Scribo
572 3531 597 3578 in
607 3528 723 3598 andra-
765 3527 860 3582 inlesta
872 3527 1028 3595 ualetudini.
1043 3531 1134 3584 Haan.

208 3608 255 3670 ais,
271 3625 302 3659 ex
318 3607 443 3660 Strabon.
459 3606 507 3660 lib.
521 3607 604 3672 XVI,
622 3619 649 3659 et
662 3608 733 3682 Ste-¹
807 3626 848 3660 10.
873 3609 1016 3661 Alexander
1036 3611 1145 3664 edixerat
1170 3633 1200 3665 ne
1222 3618 1279 3688 quit

208 3686 308 3756 phano,
317 3698 345 3738 et
358 3686 478 3756 reliquis.
491 3688 572 3739 Pmr.
581 3685 720 3759 -Sydra-
763 3691 882 3756 agminis,
900 3700 951 3741 eto.
963 3690 1164 3760 Theophrastus
1178 3695 1282 3765 pariter

208 3770 251 3819 ais.
265 3766 304 3817 Ita
319 3765 367 3818 lih.
384 3785 488 3832 ornnes3
503 3767 552 3818 hos
568 3765 719 3838 Syndracos
764 3767 825 3820 looo
838 3768 926 3820 citato.
941 3769 1045 3823 ΗΜ(

207 3845 305 3898 Noster
319 3845 434 3917 appellat
448 3847 499 3911 VI,
515 3846 562 3900 25.
576 3847 666 3900 Haao.
804 3847 880 3900 XIII.
894 3870 917 3900 1.
931 3847 1027 3901 Genera
1041 3851 1153 3904 arborum
1162 3852 1281 3906 Masada·

204 3960 207 3967 .
250 3944 275 3994 7.
295 3925 343 3975 Est
360 3927 457 3979 atalia.
478 3926 518 3978 Ex
536 3926 720 3998 Theophrasto
763 3945 805 3977 aes
818 3947 964 3992 narravere,
982 3943 1031 3983 eto.
1046 3929 1125 3986 (loni.
1139 3933 1279 4006 Thteophr.

206 4003 321 4080 iterum,
339 4005 405 4061 Hist.
425 4007 510 4060 Plant.
524 4006 572 4069 lih.
588 4007 639 4071 IV,
650 4026 673 4059 c.
693 4005 720 4059 5.
764 4006 813 4060 lib.
825 4008 875 4071 tv,
889 4025 948 4078 cap.
963 4007 989 4060 6.
1006 4010 1097 4066 Hiran.
