2656 4830
468 316 620 432 tisun
649 366 740 432 ΧΠ.
1093 364 1139 436 65

31 496 34 501 ’
93 518 125 564 xx
138 496 259 583 itinere,
282 508 317 563 et
329 492 537 564 Palaestinam
557 495 709 589 Syriam:
731 509 847 590 postea
867 496 1053 567 Characem
1072 505 1140 594 peti

12 680 14 688 Ι
94 615 230 695 ruptum,
255 625 296 670 ac
317 618 422 694 regna
443 601 645 670 Parthorum
668 626 710 690 ex
735 625 773 670 ea
796 625 914 682 causa,
946 619 1064 672 auctor
1091 622 1141 677 cst

91 706 165 776 iuba.
179 707 266 776 Mihi
280 705 324 775 ad
344 710 461 775 Persas
482 709 581 775 etiam
598 709 690 801 prius
711 709 775 776 ista
792 702 960 801 portasse,
987 736 1088 804 quam
1105 716 1141 782 iu

91 812 190 904 Syriam
218 827 278 882 aut
303 814 503 907 AEgyptum‚
536 812 716 901 videntur,
745 813 918 883 Herodoto
951 830 1051 900 teste,
1082 822 1140 913 qui

16 914 22 923 “
92 918 168 988 tradit
178 917 307 1013 singula
323 917 423 987 millia
436 919 597 988 talentum
612 919 720 989 thuris
731 944 842 989 annua
861 922 1042 1013 pensitasse
1057 929 1139 994 Ara-

90 1021 134 1094 bas
144 1026 271 1121 regibus
286 1028 472 1094 Persarum.

127 1133 170 1201 Ex
188 1133 283 1226 Syria
301 1131 466 1200 revehunt
483 1117 686 1225 styracem⁵‚
706 1134 776 1202 acri
790 1133 894 1202 odore
916 1135 986 1226 ejus
1002 1138 1036 1204 iu
1055 1137 1138 1207 focis
1163 1175 1176 1206 ι

35 1229 39 1239 ’
88 1233 233 1332 abigentes
243 1221 400 1307 suoru1n⁶
410 1237 590 1306 fastidium.
608 1242 756 1325 Caetero,
770 1264 839 1308 non
854 1238 918 1309 alia
931 1239 1011 1336 ligni
1020 1268 1142 1337 genera

28 1337 30 1344 ’
87 1346 188 1413 suntin
201 1369 285 1430 usu,
299 1367 400 1438 quam
415 1343 572 1430 odorata3
590 1344 749 1438 cibosque
764 1344 869 1414 Sabaei
888 1364 1038 1440 coquunt
1058 1350 1140 1418 tlru-

86 1445 120 1516 ris
130 1448 233 1546 ligno,
251 1449 306 1519 alii
321 1450 482 1544 myrrhae,
499 1449 721 1545 oppidorum⁷
742 1451 958 1545 vicorumque
973 1479 1041 1523 non
1055 1456 1141 1542 alio,

84 1575 163 1644 quam
176 1583 218 1627 ex
235 1557 315 1642 aris,
329 1557 423 1626 fumo
441 1570 541 1650 atque
563 1557 691 1626 nidore.
711 1556 764 1625 Ad
784 1543 897 1626 hunc⁸
915 1584 997 1652 crgo
1019 1584 1140 1631 sanan-

82 1656 145 1732 dum
171 1677 276 1732 urunt
306 1677 470 1756 styracem
494 1665 529 1731 in
557 1663 699 1757 pellibus
726 1663 899 1750 hircinis⁹‚
935 1664 1140 1762 suffiuntque

11 1833 15 1843 .
81 1776 160 1839 tecta.
178 1769 273 1839 Adeo
294 1768 387 1837 nulla
401 1782 451 1839 est
464 1769 636 1863 voluptas,
656 1771 812 1864 quianon
832 1771 1024 1841 assiduitate
1046 1772 1138 1843 fasti-

77 1869 153 1944 dium
163 1874 188 1900 ¹⁰
203 1877 322 1971 pariat.
336 1875 501 1944 Eumdem
515 1891 548 1944 et
566 1875 609 1945 ad
623 1891 792 1971 serpentes
802 1875 964 1971 fugandas
976 1894 1090 1966 urunt,
1106 1883 1141 1951 in

11 2038 15 2055 .
74 1979 237 2053 odoriferis
258 1981 348 2053 silvis
370 1981 660 2077 frequentissimas.

116 2080 345 2174 XLI.(xvut.)
359 2091 525 2159 Nonsunt
540 2087 675 2159 eorum¹
693 2090 942 2183 cinnamomum
960 2107 1018 2161 aut
1034 2095 1137 2164 casia:
1159 2124 1171 2157 ι

67 2209 97 2265 et
116 2190 233 2265 tamen
250 2194 342 2264 Felix
361 2194 548 2290 appellatur
565 2196 704 2279 Arabia,
723 2195 804 2265 falsa
820 2212 853 2265 et
868 2199 998 2292 ingrata
1012 2224 1138 2296 cogno-

64 2302 177 2387 minis,
195 2327 270 2397 quae
291 2301 357 2371 hoc
373 2317 547 2394 acceptum
565 2304 693 2397 superis
712 2303 816 2394 ferat,
838 2328 940 2398 quum
952 2303 1026 2399 plus
1044 2332 1137 2376 exeo

61 2407 197 2480 inieris²
225 2408 355 2478 debeat.
383 2412 518 2478 Beatam
550 2407 639 2478 illam
666 2408 744 2478 fecit
770 2409 944 2479 hominum
974 2415 1074 2481 etiam
1101 2415 1137 2482 in

55 2610 59 2617 .
110 2577 140 2632 ⁵.
165 2576 301 2648 Styracem.
319 2578 360 2630 De
378 2595 433 2648 quo
458 2576 577 2631 dicemus
620 2577 700 2647 longe
718 2588 779 2628 ante
792 2579 919 2646 praeiere,
933 2580 1137 2652 revelruutstyra-

57 2672 118 2730 etp.
132 2655 181 2712 ⁵6.
198 2658 292 2710 utun.
621 2676 686 2717 cem,·
706 2656 923 2726 quandoquidem
941 2670 967 2710 et
986 2656 1020 2710 de
1040 2660 1136 2714 ladano

100 2741 130 2790 6.
157 2736 271 2790 Suorum.
292 2735 487 2806 subintellige,
509 2734 577 2788 odo·
621 2736 707 2805 excipi
727 2735 843 2805 caprinis
861 2735 977 2806 pellibus
994 2755 1077 2808 supra
1094 2740 1137 2792 di·

56 2836 138 2882 rum,
159 2817 218 2871 sive
239 2817 375 2888 lignorum
390 2814 574 2869 odoratorum.
620 2827 696 2868 ctum
710 2828 764 2879 est,
779 2826 806 2868 et
818 2814 853 2867 de
864 2816 975 2884 myrrha
993 2818 1137 2871 conferciri

57 2896 147 2950 Solini
168 2897 356 2968 paraphrasis,
383 2914 442 2966 cap.
463 2912 574 2949 xum:
618 2896 648 2948 in
669 2895 777 2948 follibus
795 2895 956 2965 promiscue.
979 2894 1033 2948 Sed
1051 2899 1137 2950 recle·

60 3002 73 3024 ι
91 2976 194 3030 Atabes
211 2976 351 3029 sarmentis
366 2975 482 3048 myrrhae
500 2976 574 3045 ignes
619 2988 693 3028 mant
704 2993 797 3027 omnes
810 2975 881 3028 libri.
894 2974 947 3029 En.

56 3057 167 3119 fovent,
181 3070 298 3128 quorum
314 3056 390 3109 fumo
404 3055 465 3108 sutis
477 3055 574 3121 noxio,
662 3074 705 3108 10.
719 3055 874 3107 Assiduitate
885 3055 1024 3121 fastidium.
1037 3056 1136 3128 Vulgg.

56 3135 112 3188 nisi
129 3133 215 3188 odore
232 3135 342 3189 cremati
358 3135 466 3188 storacis
480 3153 575 3188 occur·
619 3147 680 3187 onte
694 3133 825 3188 Harduin.
841 3134 983 3187 assiduitate
1002 3140 1048 3189 sui.
1070 3137 1135 3190 Mox

55 3227 134 3274 rant,
153 3215 315 3287 plerumque
328 3215 487 3268 insanabiles
503 3233 575 3267 mor·
619 3226 643 3265 et
654 3215 776 3267 Gronov.
792 3215 907 3279 omittit,
921 3212 995 3286 quod
1010 3235 1059 3268 nos
1072 3229 1135 3288 post

55 3294 109 3348 bos
122 3296 292 3349 contrahunt.
304 3321 315 3342 ι
334 3294 426 3348 Hiran.
619 3292 703 3347 Hard.
717 3313 731 3346 e
745 3292 837 3347 chiffl.
850 3295 1022 3348 restituimus.
1037 3297 1090 3349 Eo.

101 3396 131 3442 7.
153 3375 314 3446 oppidorum.
332 3374 395 3428 Nou
410 3375 478 3428 elius
492 3375 529 3427 ibi
542 3393 574 3426 ex
659 3374 731 3425 XLI.
756 3391 778 3426 π.
804 3373 863 3428 Noe
881 3387 938 3426 sunt
961 3394 1050 3427 eorum.
1072 3376 1134 3429 Non

56 3453 181 3526 oppidis,
199 3454 338 3527 vicisque,
356 3472 436 3525 quem
456 3473 489 3507 ex
508 3455 574 3518 aris,
620 3465 682 3505 sunt
689 3454 808 3505 Arabim
819 3455 929 3524 propria
939 3466 964 3506 et
972 3456 1133 3525 peculiaria:

54 3533 141 3587 nidor
154 3535 331 3588 convolvitur.
347 3533 440 3588 nrm.
620 3532 667 3585 sed
678 3534 711 3585 ab
720 3533 857 3602 AEthiopia
867 3532 901 3586 ad
911 3551 957 3586 eos
968 3531 1134 3587 deferuntur.

100 3616 130 3669 8.
160 3613 208 3666 Ad
230 3614 299 3666 bunc.
323 3613 427 3684 Nempe
449 3611 574 3666 nidorem
618 3612 1030 3666 H.-·Cimramomumautcasia
1045 3605 1135 3680 (Lauri

36 3744 43 3767 Ι
55 3691 224 3764 abigendum
237 3733 245 3757 ‚
270 3691 461 3764 fastidiumque
480 3712 575 3747 sanan·
618 3693 733 3763 species,
744 3693 875 3745 Ennearrd.
886 3710 1048 3763 monopgen.
1062 3699 1131 3763 994,

55 3771 135 3825 dum.
150 3773 192 3825 Ita
202 3771 249 3825 lib.
261 3791 362 3826 omnes.
377 3774 467 3827 ltmn.
620 3774 691 3826 Pers.
711 3772 814 3824 Laurir.
832 3763 925 3839 loss).
949 3774 990 3825 De
1011 3772 1053 3826 his
1071 3773 1135 3825 vide

100 3874 130 3921 9.
143 3853 175 3905 In
184 3853 288 3923 pellibus
307 3855 413 3906 hircinis.
422 3852 485 3906 Haec
495 3853 576 3906 verbe
619 3851 685 3906 Exc.
697 3852 738 3903 IX
748 3849 782 3904 ad
796 3851 895 3905 calcem
911 3852 991 3922 hujus
1001 3852 1073 3904 libri.
1082 3855 1133 3905 En.

41 3951 107 3988 ,suo
125 3933 187 3984 loco
198 3945 270 3986 mota
281 3932 574 3994 existimatPintianus,
663 3951 688 3983 a.
703 3924 801 3998 'Inferis
815 3931 909 3983 debeat.
929 3932 1020 3996 Quum
1038 3931 1134 3983 odores

55 4009 240 4084 ponendaque
255 4031 311 4067 esse
325 4002 394 4083 post'
402 4031 433 4066 ea
447 4030 508 4083 quas
521 4031 576 4065 uon
621 4011 640 4063 ii
654 4028 752 4081 magno
763 4009 895 4082 redempti
905 4011 1009 4082 pretio,
1020 4010 1048 4063 in
1059 4029 1133 4063 mor·

143 4124 185 4189 V.
977 4116 996 4188 5
1106 4116 1110 4123 ’
