2656 4830
398 372 550 440 umen
578 375 682 447 xm
1035 396 1076 469 ¹7
1166 361 1169 375 '

94 555 102 589 ,
115 503 233 570 umbra
255 522 337 570 vero
356 501 435 571 bina
448 502 554 571 stadia
568 505 731 598 operiant.
746 502 915 572 Foliorum
935 503 1077 581 iatitudo

94 594 279 702 reffigiem⁵
303 609 516 679 Amazonicae
542 609 674 678 habet:
703 610 766 679 hac
797 633 896 678 causa
930 611 1076 683 fructum

95 739 167 800 ens,
193 738 344 783 crescere
364 714 529 809 prohibet.
548 718 726 810 Rarusque
741 730 808 800 est,
828 741 891 785 nec
910 716 994 785 fabre
1012 744 1077 789 ma·

94 821 205 889 dinem
228 820 392 890 excedens
406 807 441 888 ⁶:
461 821 519 890 sed
541 846 602 915 per
622 820 702 891 folia
718 821 842 891 solibus
859 837 975 892 coctus
996 849 1076 918 prae

116 950 255 1021 sapore,
286 926 406 1020 dignus
434 927 596 997 miraculo
624 927 753 997 arboris
778 928 791 998 'a
814 931 961 1023 gignitur
985 933 1074 1002 circa

96 1031 193 1123 nem⁷
212 1033 355 1100 maxime
373 1057 514 1103 amnems

94 1126 229 1230 [I.(vr.)
243 1138 354 1231 Major
366 1137 459 1208 aiia¹z
475 1163 576 1234 pomo
595 1154 629 1208 et
640 1141 801 1210 suavitate
820 1140 1072 1235 precellentium
1093 1150 1105 1199 ἰ

94 1241 267 1340 npientes²
293 1244 455 1314 Indorum
477 1247 604 1315 vivunt„-
619 1246 750 1316 Folium
766 1244 835 1316 alas
850 1235 980 1318 avium³
1004 1251 1072 1320 imi:

94 1454 153 1526 ,pud
167 1455 282 1526 Hesych.
300 1453 455 1527 β”ημσιτῖζειν,Ι
481 1456 508 1510 sb
556 1476 626 1522 vem
645 1457 777 1520 fructum,
796 1471 912 1527 pacatior
935 1459 1071 1528 O'riedus,

94 1535 117 1588 σὶ
131 1539 238 1606 μετρεῖν.
249 1535 340 1588 Hsnn.
549 1537 680 1606 platanos:
689 1545 833 1607 utrumque
840 1557 938 1591 nomen
948 1539 980 1592 ad
986 1543 1070 1608 palam

94 1617 157 1669 'eltoe
168 1613 283 1683 effigiem.
297 1617 332 1667 Et
347 1613 509 1684 magnitudi·
551 1616 663 1670 accedit,
673 1612 760 1669 Aliam
768 1617 832 1669 hnic
840 1616 962 1682 similem,
971 1631 997 1670 et
1007 1639 1071 1678 usus

94 1696 295 1766 Theophrastus
307 1695 357 1746 loc.
374 1694 418 1747 cit.
434 1696 460 1747 τὸ
477 1690 509 1748 ‹is'
551 1696 756 1766 frequentissimi
774 1696 908 1750 Thevetus
923 1697 989 1751 ibid.
1005 1701 1070 1754 scri-

94 1792 128 1829 tor
147 1775 190 1827 οὐκ
208 1777 310 1827 ἔλαττον
329 1775 379 1842 ἔχει
400 1775 507 1839 crebrae,
550 1776 591 1829 hit
602 1777 692 1829 vocari
702 1777 806 1847 Hoyriri
814 1797 825 1839 5
838 1776 1067 1849 Oviedusjajamn

93 1851 212 1912 Plinius,
239 1846 401 1924 Ᾰμαζονικῆς.
434 1854 507 1906 Pelta
551 1856 774 1909 Dauno-Haec
788 1874 879 1909 rursus
890 1856 1003 1910 totidem
1012 1878 1069 1913 ver·

94 1937 225 1989 Pbracum
236 1934 424 2005 propriaiuit3
437 1952 508 1986 ama·
550 1935 592 1986 bis
615 1935 794 2006 Theophrast.
818 1937 919 1990 Histor.
947 1939 1063 1994 Plantar.

96 2014 260 2088 peculiarem
276 2015 389 2066 formam
402 2014 506 2078 habuit,
549 2014 598 2068 lib.
610 2015 660 2078 IV,
674 2033 731 2086 cap.
742 2015 767 2068 5.
780 2017 1066 2088 Hunos-Majorqlim

94 2143 96 2149 ,
107 2095 226 2147 diximus
238 2095 294 2158 111,
310 2097 326 2144 6
336 2113 344 2158 ;
359 2105 462 2146 scutum
476 2092 506 2146 id
549 2107 601 2146 etc.
611 2094 760 2165 Significari
771 2096 823 2148 hoc
834 2097 896 2148 loco
907 2097 1002 2149 Musam
1011 2101 1064 2152 Pa.

94 2194 150 2229 nnae
171 2192 246 2243 aequa
259 2174 385 2244 portione
398 2172 505 2240 divisae,
548 2175 694 2226 radbiacam
713 2172 846 2237 (Heeand.
858 2193 985 2250 monogyn.
1002 2198 1063 2250 gen.

94 2254 286 2325 nsomiplenae‚
298 2267 327 2306 ut
336 2253 428 2317 aiunt,
442 2253 505 2306 ima·
550 2258 624 2322 761,
642 2254 714 2306 Pers.
729 2255 825 2308 Musae.
844 2253 929 2319 Juss.)
953 2269 1063 2313 testatur

94 2336 216 2389 referens.
228 2333 313 2395 Pelta,
327 2334 437 2403 proprie
449 2333 505 2404 cly-
548 2333 590 2388 Cl.
608 2333 773 2399 smum,
795 2336 977 2405 praeeuntibus
1000 2339 1064 2392 Clu·

94 2428 192 2470 cutum
205 2412 323 2465 umbone
337 2431 436 2465 carens.
448 2413 503 2465 He·
546 2413 595 2478 sio,
605 2413 790 2484 Dalecampio‚
811 2413 924 2479 Bodam,
945 2428 1062 2487 quorum

94 2508 106 2548 t
120 2493 215 2548 Suidas
228 2511 237 2546 s
251 2495 348 2559 num,
359 2492 435 2553 ἀσπὶς
450 2493 501 2546 ἴτυν
546 2494 669 2546 virorum
680 2494 831 2557 auctoritati
847 2495 958 2548 minime
977 2497 1061 2551 refra-

94 2574 249 2629 ron.Hano.
532 2576 639 2643 ¹gamur
652 2574 857 2644 ;-uegligentius
885 2574 929 2627 hic
962 2577 1061 2630 Noster

94 2657 132 2709 [σε
146 2653 217 2721 fahoe
232 2652 421 2722 magnitudinem
436 2665 502 2703 exce·
545 2652 761 2722 Theophrastum
769 2652 1059 2725 videturexscripsisse,

94 2735 251 2806 'beophrast
266 2733 319 2784 loc.
336 2746 415 2801 supra
429 2730 501 2784 laud.
546 2729 663 2801 duasque
677 2729 794 2783 diversas
807 2734 915 2784 arbores
925 2735 959 2785 ab
968 2749 1060 2788 ancto-

107 2811 136 2867 δὲ
146 2810 243 2884 σφόδρα
258 2815 350 2883 μικρὸν,
359 2812 439 2869 ἡλίκον
452 2812 502 2882 ὶρί·
545 2812 574 2863 re'
583 2829 670 2882 graeco
678 2809 822 2862 delineatae
831 2810 983 2864 confudisse
991 2805 1057 2880 (vid.

94 2895 212 2949 fructum
228 2893 278 2944 fert
289 2890 433 2943 admodum
445 2890 501 2942 exi·
544 2900 601 2943 nut;
612 2881 722 2959 diuisa).
730 2890 819 2943 Arbor
826 2892 886 2957 talu,
899 2893 975 2960 cujus
983 2911 1059 2948 men·

99 2971 284 3045 magnitudine
291 2975 373 3023 cr'cerr's
381 2992 391 3032 ,·
400 2971 502 3022 Plinius
544 2971 583 3024 tio
593 2970 624 3022 fit
635 2972 668 3022 ab
679 2970 793 3023 Arriano
806 2969 840 3022 de
851 2972 917 3023 Reb.
926 2971 988 3043 Iud.
1001 2992 1056 3026 non

94 3056 153 3108 ibae.
164 3054 193 3106 Si
208 3053 342 3122 vulgarem
360 3051 445 3104 sabam
459 3050 501 3102 in·
544 3049 637 3103 eadem
648 3069 703 3102 esse
714 3049 820 3103 videtur
833 3052 1003 3120 atque'Plinii
1011 3073 1059 3123 po-

94 3181 95 3188 ,
112 3133 194 3204 digna
208 3149 271 3191 sane
288 3130 501 3194 transformatio,
545 3131 584 3192 la,
595 3142 621 3182 et
634 3130 722 3200 potius
735 3128 768 3181 ad
781 3147 839 3182 eam
850 3130 990 3183 reserenda
999 3145 1058 3204 quae

94 3205 228 3277 'intianusp
239 3231 297 3286 quae
309 3209 502 3263 interJOvidia·
545 3211 649 3276 lam'fera
668 3209 701 3260 ab
717 3210 775 3261 aliis
792 3208 878 3275 dicta,
897 3209 1057 3266 describitur

94 3308 195 3347 onatur.
210 3294 246 3345 At
259 3290 429 3361 groecaedabae
444 3309 501 3342 ma·
544 3289 723 3360 Theophrast.
739 3290 790 3352 IV,
813 3311 837 3356 9.
860 3291 939 3343 conr.
956 3293 1023 3346 Bod.
1040 3303 1055 3346 a'

94 3391 132 3426 ne<
141 3392 196 3426 esse
208 3373 276 3436 vult,
290 3389 362 3442 quaa,
376 3381 406 3421 ut
418 3370 499 3434 cicer,
544 3368 632 3440 Stapei
644 3369 672 3420 in
683 3369 859 3439 Theophrast.
871 3370 922 3434 IV,
936 3377 961 3434 4.
972 3371 1027 3425 Eu.

94 3472 102 3504 ι
115 3460 171 3519 est,
184 3470 233 3506 nec
249 3468 353 3520 magna.
365 3450 392 3502 J.
403 3451 472 3502 Bon.
485 3469 501 3502 a
587 3470 612 3501 π.
630 3447 755 3518 Sapientes
768 3449 891 3501 Indorum.
903 3449 1057 3522 Gymnos0⁶

545 3529 641 3599 phistaa
652 3529 760 3580 scilicet.
772 3528 863 3581 Hann.

94 3615 142 3664 iren
158 3612 293 3664 Acesinen.¹
304 3610 504 3680 Theophrastus
578 3608 1058 3681 ¹3.Alasau’umimitaturffheophraa

107 3684 237 3756 Ᾰκεσίνην,
249 3707 302 3760 quo
319 3687 353 3741 de
369 3707 445 3742 amne
460 3688 503 3741 di·
546 3700 602 3741 stus
622 3687 692 3741 banc
712 3688 847 3753 arborem,
866 3689 941 3758 cujus
962 3689 1057 3743 folium

94 3773 175 3835 stVL
190 3773 236 3824 23.
251 3771 342 3823 Hsan.
546 3768 599 3820 alas
611 3768 700 3820 avium
716 3767 846 3832 imitatur,
856 3768 889 3819 ab
905 3785 935 3818 ea
950 3786 1001 3838 qua
1018 3790 1058 3823 sa·

106 3869 129 3904 1.
142 3853 228 3921 Major·
240 3851 304 3909 alia,
316 3861 365 3901 etc.
382 3847 499 3913 Quidam
544 3848 649 3917 pientes
658 3846 788 3901 ludorum
803 3848 914 3912 vivunt,
926 3846 1056 3906 diversam

94 3943 147 3984 esse
161 3943 266 4002 putant.
283 3929 419 3982 Thevetus
439 3948 498 3998 cap.
544 3927 616 3980 facit.
632 3928 723 3981 Verba
744 3927 880 3998 scriptoris
901 3928 979 3997 graeci
997 3941 1059 3981 sunt

104 4012 226 4066 arborem
242 4009 333 4063 vocari
350 4008 402 4075 ait,
419 4025 499 4079 pago·
544 4007 610 4063 ista:
627 4007 803 4077 Καὶχρῶντοιι
823 4011 899 4077 τροφῇ
917 4013 971 4074 τῶν]
981 3997 1059 4061 Ινδῶν

915 4129 934 4170 2
