2656 4830
449 448 453 453 ,
533 380 688 448 Lmen
713 380 804 449 νιν.
1148 398 1192 469 27

167 514 301 582 XVIII.
320 511 538 580 Contermina
556 512 649 581 Indis
668 538 749 608 gens
765 508 904 580 Ariana¹
923 506 1127 603 appellatur,
1141 532 1197 577 cu·
1217 538 1228 572 1

109 621 165 714 jus
191 620 291 712 spina
311 615 533 737 lacrymarum
555 621 719 712 pretiosa,
745 617 889 712 myrrhae
909 615 1037 699 similis,
1061 639 1197 684 accessu

115 739 258 821 propter
280 721 415 793 aculeos
438 722 567 794 anxio&
596 725 650 794 Ibi
668 740 703 794 et
721 726 832 796 frutex
851 723 1009 818 pestilens
1029 707 1198 816 raphani³,

117 926 205 980 genus
219 905 295 960 istud
312 925 328 959 a
341 919 434 960 nostro
447 905 537 980 dispar
555 922 594 962 est
607 928 637 962 ac
682 910 813 974 ebenum,
824 907 871 962 sed
885 908 950 963 certi
963 906 1048 980 qnid'
1041 926 1069 960 m
1080 905 1131 959 hac
1137 907 1197 959 bre

117 990 278 1041 dirersum:
296 985 442 1040 arundines
455 989 638 1060 quoqueipsae
682 989 764 1041 vitate
785 1001 899 1041 statuere
924 1007 1037 1058 nequeo.
1061 986 1123 1039 Huc
1145 986 1198 1038 Bo-

118 1069 189 1122 iorte
202 1065 364 1120 dissimiles:
381 1085 534 1138 quanquam
546 1081 572 1120 et
584 1087 639 1120 sao-
684 1067 765 1121 dreni.
787 1069 898 1139 Spinam
920 1068 993 1120 illam
1012 1065 1195 1137 Sprengelius,

118 1147 195 1201 chari
203 1147 291 1200 nostri
301 1146 400 1200 feraces
408 1146 482 1217 apud
490 1146 571 1200 Indos
577 1161 640 1201 sunt
683 1148 750 1200 Hist.
765 1148 806 1199 rei
812 1149 888 1202 herb.
904 1160 924 1200 t.
938 1148 964 1215 1,
978 1164 1040 1218 pag.
1055 1142 1198 1209 nonnihil

119 1227 263 1300 plurimas:
284 1239 331 1278 aut
350 1227 372 1279 si
391 1240 453 1280 sunt
466 1225 565 1279 eaedem
577 1267 584 1292 ,
597 1227 640 1280 di·
685 1226 758 1279 aliud
770 1245 849 1297 quam
862 1229 992 1281 illimosam
1000 1227 1119 1277 latronum
1131 1213 1199 1293 (Mo-

120 1325 214 1360 varsus
242 1307 366 1358 humoris
387 1305 512 1359 eliciendi
534 1305 640 1361 modus.
685 1307 797 1377 eadent.
811 1308 929 1378 polyani.
944 1325 1003 1377 gen.
1022 1305 1094 1359 1655
1106 1344 1114 1370 ,
1126 1303 1198 1356 Pers.

121 1386 333 1458 Exprimebatur
339 1387 404 1439 olim
414 1388 448 1440 ab
456 1385 531 1439 Indis
538 1386 601 1457 ipsis
607 1385 641 1439 ad
686 1388 812 1456 Legumir.
827 1376 913 1452 iuss.)
929 1386 1097 1457 pronuntiem
1114 1396 1141 1438 et
1162 1394 1200 1435 est

122 1479 220 1538 potum
239 1464 400 1519 dumtaxat:
418 1485 434 1519 a
449 1466 549 1519 nostris
561 1466 643 1520 hodie
686 1479 775 1519 tamen
787 1465 862 1536 quod
881 1485 935 1518 rem
950 1465 1037 1517 adhuc
1049 1464 1077 1516 in
1089 1461 1200 1532 ancipiti

123 1546 270 1617 coquitur,
290 1543 469 1617 densaturque
490 1547 518 1598 in
536 1548 643 1600 saccha·
687 1547 805 1599 relictam
827 1558 966 1617 putemus.
985 1543 1111 1596 Arianam
1128 1541 1200 1595 enim

85 1665 91 1676 .
124 1645 199 1680 rum.
227 1629 267 1676 Ac
291 1625 361 1678 nihil
383 1639 421 1678 est
441 1625 550 1697 quidem
571 1625 644 1679 unde
688 1627 792 1697 spinam
811 1626 907 1689 Plinii,
926 1625 971 1696 qui
984 1623 1201 1694 Theophrastum

125 1707 189 1778 plus
207 1707 263 1776 jam
278 1705 423 1776 voluptatis
441 1719 468 1758 et
486 1705 645 1760 deliciarum
688 1708 734 1759 hic
748 1706 924 1776 transcripsit,
932 1704 966 1757 ad
979 1705 1097 1758 Acacium
1106 1699 1204 1754 ratechis

128 1786 198 1856 gulae
210 1781 329 1838 accedat.
344 1785 462 1838 Solvitur
482 1785 511 1837 in
527 1788 646 1839 embam·
689 1784 855 1838 referendam
871 1784 972 1856 judicat
985 1775 1064 1852 (ibid.
1078 1803 1106 1854 p.
1125 1771 1204 1850 107l3

128 1865 220 1931 matis,
228 1863 336 1934 cogitur
347 1865 375 1916 in
388 1866 536 1928 orbiculos,
551 1865 648 1938 digeri·
691 1864 765 1937 quod
783 1867 805 1917 si
824 1885 917 1918 verum
932 1877 1015 1928 esset,
1033 1862 1144 1916 deberet
1155 1858 1206 1912 sibi

128 1958 174 1998 tur
184 1945 215 1996 in
227 1963 324 2014 panes,
333 1945 450 2015 pinsitur
461 1946 490 1997 in
503 1947 649 2016 placentas,
692 1964 796 2017 semper
811 1959 932 1998 constare
943 1945 986 1997 vir
997 1942 1208 2005 eruditissimus,

130 2021 256 2077 tornatur
278 2023 307 2075 in
332 2025 466 2090 crustula,
492 2025 603 2095 fingitur
619 2027 649 2078 in
693 2026 740 2096 qni
761 2026 880 2078 Acacium
900 2025 998 2076 caterio
1014 2022 1135 2077 eamdem
1154 2037 1207 2072 esse

131 2105 257 2166 castella,
277 2103 305 2155 in
320 2103 436 2156 aviculas
452 2117 478 2156 ct
489 2104 516 2156 in
528 2106 650 2158 omnium
694 2124 756 2157 cum
775 2113 809 2174 τῷ
827 2105 899 2175 lanio
916 2103 1080 2157 Dioscuridis
1094 2102 1210 2155 affirmat

132 2202 226 2237 mrum
242 2183 396 2248 simulacra,
411 2185 650 2256 coquitnr‚asper·
694 2180 770 2246 (ibid.
784 2205 809 2255 p.
823 2176 908 2253 ιρι),
922 2202 1074 2256 quanquam
1088 2183 1117 2235 ri
1128 2182 1208 2233 λύκων

134 2264 217 2334 gitur,
230 2261 356 2329 duratur,
372 2263 544 2316 incrustatur.
559 2266 651 2318 Hsnn.
694 2267 748 2335 Jam
765 2265 878 2332 Lycium
892 2265 1053 2336 Europaeum
1077 2279 1131 2315 esse
1150 2278 1211 2313 eon·

134 2341 421 2397 -Vid.n0t.1.En.
697 2342 782 2397 tendit
794 2339 872 2405 (ibid.
889 2363 916 2414 p.
935 2340 1009 2405 162).
1026 2343 1082 2395 Nos
1099 2341 1211 2393 intanta

175 2423 284 2474 XVIII.
305 2440 331 2475 1.
345 2421 413 2475 Gens
427 2425 564 2478 Ariona...
586 2426 654 2493 crrJ'us
696 2441 787 2476 rerum
803 2424 965 2477 obscuritate
977 2422 1103 2476 coecutire
1114 2422 1152 2473 fas
1164 2418 1212 2471 du·

134 2505 221 2574 spina,
231 2514 282 2555 etc.
291 2500 384 2555 Simile
397 2501 525 2573 quiddam
537 2503 571 2556 de
580 2504 655 2556 Aria·
698 2503 802 2570 cimus;
815 2503 931 2555 viderint
941 2503 1090 2573 peritiores.
1099 2503 1151 2553 En.

135 2601 171 2635 na
183 2583 264 2653 spina
279 2582 374 2633 recitat
386 2583 564 2652 Theophrast.
583 2583 653 2636 Hist.
741 2603 767 2635 a.
786 2583 892 2635 Accessu
907 2594 1009 2654 propter
1021 2583 1116 2633 aculeos
1130 2581 1212 2631 anxio.

137 2663 226 2715 Plaut.
240 2662 295 2722 IV,
312 2663 338 2717 5
356 2660 401 2713 sed
418 2661 510 2714 codice
527 2663 566 2716 ibi
579 2661 656 2714 valde
699 2663 820 2727 Infesto,
836 2663 961 2725 molesto,
975 2661 1087 2714 difficili
1102 2661 1193 2712 Hann.

138 2740 280 2795 mendoso.
293 2741 384 2793 Haun.
397 2743 522 2812 —Spina
536 2743 657 2814 lacryma·
742 2741 768 2793 3.
780 2741 903 2811 Ropkaui.
912 2740 1099 2810 subintellige,
1112 2737 1215 2808 magni·

140 2841 203 2875 ηιμ.
211 2822 366 2891 Dalecamp.
375 2821 498 2896 lacrymo,·
509 2841 570 2874 mox
585 2820 658 2917 apud
702 2819 805 2885 tudine,
817 2839 849 2873 ex
863 2820 1040 2890 Theophrast.
1056 2820 1106 2871 loc.
1119 2818 1214 2878 citato,

141 2899 272 2955 eumdem
283 2900 346 2953 Vct.
360 2913 388 2953 et
402 2900 494 2954 chiffl.
506 2902 646 2973 myrrlroe
624 2922 658 2953 ss
703 2901 749 2953 ubi
762 2901 805 2952 his
816 2900 932 2953 similia
945 2891 1008 2953 Αλλο
1021 2895 1049 2952 dl
1065 2899 1162 2969 ὕλημα,
1174 2897 1216 2968 pt·

142 2982 204 3035 mili.
217 2981 271 3032 En.
283 2979 412 3048 -Spina
428 2981 588 3053 lacrymarum
601 3001 659 3052 pre·
703 2982 812 3051 γιθος
787 3003 828 3053 μιν
842 2982 947 3037 ἡλίκον
939 2981 1078 3051 piperum-r
1063 2977 1144 3031 τδιιιιὶ
1159 2979 1216 3046 qit-

144 3067 215 3115 n'cee.
228 3060 407 3130 Theophrast
420 3060 466 3112 lib.
479 3062 532 3126 IV,
551 3079 609 3132 cap.
627 3059 659 3114 5·
704 3057 995 3132 insipientiaeque
1007 3081 1041 3112 τω
1054 3060 1163 3130 μεγέθει,
1175 3054 1217 3109 καὶ

144 3149 175 3193 Er
185 3132 373 3210 δὶτῇᾸρίᾳχω
374 3100 552 3211 pqnaioupkin
565 3140 661 3192 execat
705 3145 737 3207 τῇ
746 3146 833 3212 μορφῇ.
828 3142 902 3193 Cur
910 3140 1070 3211 raphanum
1081 3157 1136 3191 non
1148 3138 1218 3189 bras·

146 3223 206 3285 ι’ςιν,
219 3221 257 3289 tp·
267 3213 337 3277 ἧς’
311 3238 408 3289 γινιται
423 3215 529 3290 dirps
489 3239 529 3272 uos
539 3222 619 3290 ομοιον
628 3240 660 3288 τη
706 3221 785 3272 sicam
789 3222 911 3291 papaver
921 3233 1039 3277 vertent
1049 3219 1112 3272 alrbr
1120 3215 1218 3270 dicturi

145 3291 241 3370 Ϊλλνιρῖᾳ
253 3294 336 3368 scien
349 3299 412 3368 ὄψει,
422 3301 506 3369 uniri)
493 3302 595 3370 ὀσμῇ·
606 3305 662 3352 τοῦ·
706 3319 811 3365 sumus,
826 3300 874 3351 ubi
888 3299 922 3352 de
932 3299 1047 3352 brassica
1062 3311 1090 3351 et
1098 3298 1220 3368 raphano

147 3400 174 3433 το
182 3376 284 3435 tetras
295 3379 524 3448 ἑπιλιίμψῃὸἢιος,
534 3381 660 3450 καταῤῥιῑ.
705 3397 821 3449 agemus.
843 3379 933 3431 liano.
952 3411 992 3420 -
1003 3379 1107 3431 Plinius
1122 3376 1218 3447 rapha-

147 3460 212 3512 Ilaec
222 3472 435 3528 oonupta;qnae
448 3459 482 3512 sit
493 3459 601 3529 Illyrica
611 3461 662 3530 spi·
704 3477 769 3510 num
782 3473 808 3512 et
819 3460 962 3513 brassicam
975 3458 1072 3528 saepius
1084 3454 1219 3520 confudit,

142 3557 182 3607 »na
188 3539 294 3608 ignoro.
304 3538 408 3590 Plinius
420 3539 458 3590 ibi
473 3539 536 3608 legit
550 3540 660 3610 σμύρνῃ,
706 3536 1221 3610 quippequodignoraretantiquisGrae-

147 3618 279 3688 myrrhae3
301 3636 335 3670 an
358 3616 432 3687 apud
446 3618 663 3688 Theophrastum
707 3619 744 3670 cis
756 3619 871 3689 ῥάφανον
881 3616 1174 3688 brassicamsignificare,
1180 3631 1222 3666 re·

148 3696 322 3750 scribendum
345 3701 379 3763 τῇ
402 3699 526 3768 Pompule
553 3700 663 3768 σμύρνῃ,
707 3699 870 3751 centroribus
879 3711 905 3750 et
918 3696 1054 3750 mediiaevi
1061 3696 1220 3766 ,raphanum

150 3777 262 3830 relsine
273 3777 393 3846 epitheto
407 3783 440 3844 τῇ
455 3780 561 3848 σμύρνῃ
574 3777 664 3830 donec
708 3779 777 3831 Bon.
791 3777 916 3848 —Quod
922 3790 948 3828 et
959 3797 984 3829 in
996 3777 1112 3830 Gedrosis
1124 3773 1221 3826 aoerdrt

151 3856 268 3925 plantam
284 3856 393 3919 videro,
414 3856 512 3910 haereo.
530 3858 663 3911 ceterum
709 3857 887 3929 Theophrast.
897 3859 957 3910 loco
968 3855 1039 3909 laud
1049 3846 1082 3909 lis
1094 3852 1163 3923 ὃὶτῇ
1176 3859 1222 3906 Γι·

91 3979 95 3986 .
154 3936 247 4005 asapius
260 3935 489 3989 dubitavianhaec
497 3937 664 3998 ἄκανθοςινοη
710 3932 806 4008 dpooiq
824 3956 894 4006 χωρα
903 3938 1036 4007 πεφυκέναι
1050 3936 1133 4006 φασὶν,
1147 3934 1205 3986 ἓν
1179 3954 1223 4004 μιν

155 4014 186 4068 sit
200 4033 254 4085 qua
272 4014 416 4070 manuari
432 4016 542 4070 tradunt
554 4019 666 4070 Veteres
710 4017 790 4087 ὅμοιον
805 4021 837 4084 τῇ
857 4013 939 4087 δάφνῃ
958 4019 1042 4085 φύλλον
1064 4017 1126 4083 izos,
1143 4007 1215 4065 οὔ·ι
1189 4030 1222 4066 τα
