2656 4830
203 373 227 454 4
475 372 516 437 C.
542 369 711 439 PLlNll
736 369 841 439 NAT.
866 370 997 437 HIST.

200 506 275 599 jure
294 501 441 584 luxurioe,
457 501 574 570 eodem
593 501 693 572 ebore
709 492 905 571 numinum⁹
919 515 1232 595 craspectarentur,
1243 515 1279 569 et

204 633 395 706 mensarum
414 607 523 701 pedes.
543 607 696 677 Produnt
711 607 850 703 Alpibus
872 610 1052 696 coercitas,
1075 622 1110 676 et
1130 622 1201 676 tum
1221 608 1275 674 in-

205 711 426 809 exsuperabili
444 708 651 783 munimento
674 713 818 800 Gallias,
845 714 931 783 banc
956 713 1281 808 primum'habuisse

206 845 340 893 causam
357 819 620 913 superfundendi
634 845 669 889 se
675 819 795 907 Italiae,
809 820 899 913 quod
909 819 1055 889 Helico¹⁰
1065 845 1105 888 ex
1115 818 1281 889 Helvetiis

206 930 287 997 civis
298 951 430 1010 earum,
447 925 599 995 fabrilem
611 927 655 995 ob
667 941 775 996 artem
790 929 907 995 Romae
920 940 1164 1012 commoratus,
1174 926 1283 994 -srcum

206 1036 330 1104 siccam
342 1046 376 1101 et
390 1057 508 1119 uvam,
522 1031 650 1126 oleique
662 1057 701 1101 ac
716 1034 783 1102 vini
796 1031 994 1127 praemissa¹¹
1005 1057 1157 1101 remeans
1166 1057 1284 1101 secum

208 1139 344 1210 tulisset.
362 1141 578 1233 Quapropter
591 1139 663 1208 haec
680 1138 733 1208 vel
752 1139 840 1209 bello
857 1140 1012 1232 quaesisse
1029 1139 1127 1207 venia
1146 1139 1197 1207 sit.

177 1281 190 1315 1
262 1248 326 1317 III.
346 1245 414 1314 Sed
436 1246 508 1339 quis
529 1270 599 1315 -non
614 1244 690 1339 jure
709 1247 869 1331 miretur,
887 1246 1042 1314 arborem
1060 1246 1188 1316 umbrae
1204 1268 1285 1339 gra·

196 1342 273 1422 'tiu¹
295 1366 425 1421 tantum
448 1376 489 1420 ex
509 1351 616 1445 alieno
635 1353 773 1446 petitam
799 1350 902 1421 orbe?
926 1349 1194 1429 P-latanus'hasc
1213 1365 1286 1436 est,

252 1573 280 1623 9.
296 1554 436 1606 Nominum.
459 1552 627 1622 Proponehat
644 1553 723 1604 Dale·
769 1552 850 1606 codd.
866 1551 949 1606 Hard.
969 1553 1055 1605 Vetus
1065 1551 1137 1622 apud
1152 1553 1241 1605 Doleo.
1256 1572 1287 1603 ea

212 1646 299 1705 camp.
312 1634 448 1697 lominum,
457 1650 531 1684 mera
541 1636 568 1684 e't
578 1631 652 1683 inani
664 1649 726 1684 con·
769 1640 812 1684 est.
828 1634 892 1684 Hoec
902 1653 947 1702 per
957 1652 1032 1684 mare.
1046 1631 1137 1684 Dalec.
1153 1625 1244 1685 Elzev.
1260 1644 1288 1684 et

132 1761 134 1766 .
210 1713 387 1786 jecturaAEn.
769 1714 803 1765 al.
820 1726 881 1765 ante
894 1711 978 1765 Hard.
999 1713 1050 1762 lcoec
1068 1723 1118 1776 est,
1142 1723 1188 1781 pet*
1209 1732 1284 1763 mare.

257 1812 301 1846 10.
317 1792 413 1842 Helico.
431 1788 504 1865 Edit.
522 1802 582 1842 ante
594 1789 727 1844 Harduin.
770 1793 954 1857 -Plutancs,
969 1804 1018 1844 etc.
1033 1791 1099 1844 Haec
1112 1803 1152 1843 est
1165 1792 1287 1843 Platanos

214 1873 296 1926 Eliso.
314 1871 368 1922 Eo.
383 1870 535 1922 -Eorum
543 1869 727 1924 Helvetiorum
770 1872 895 1924 orientalis
905 1867 1089 1934 Lin.(Monoec.
1098 1871 1285 1944 polyand-gen.

215 1949 425 2005 scilicetHsnn.
774 1954 865 2017 2108,
883 1953 955 2006 Pers.
970 1954 1100 2004 Amentnc·
1117 1941 1215 2019 loss),
1231 1969 1287 2002 ms·

259 2049 305 2082 rr.
321 2030 461 2082 Promissa.
480 2029 522 2082 Ita
541 2030 605 2083 libri
624 2049 728 2083 omnes.
773 2051 825 2103 gna
841 2045 867 2085 et
879 2041 992 2101 procera
1007 2033 1102 2097 arbor,
1121 2031 1212 2084 multis
1224 2030 1287 2082 voli·

216 2109 380 2180 Diligentem
397 2108 522 2178 exquisiti
547 2110 600 2163 olei
622 2129 653 2164 ac
673 2108 730 2162 vini
774 2109 1016 2183 disqueradioibus
1029 2111 1208 2176 nixa>,ra'mos
1221 2129 1287 2182 prae·

217 2188 351 2242 delectum
371 2207 402 2242 ea
422 2206 473 2240 vox
496 2189 645 2259 significare
664 2189 731 2241 mihi
774 2192 881 2261 longos,
893 2190 999 2261 patulos
1013 2205 1039 2243 et
1052 2189 1193 2242 frondibus
1210 2191 1287 2242 luxu·

218 2268 335 2333 videtur,
346 2268 395 2321 etsi
405 2267 483 2321 aliter
497 2269 567 2323 forte
577 2268 732 2340 Rhodigino
774 2271 870 2323 riantes
878 2271 929 2322 late
935 2289 1075 2341 spargens;
1087 2282 1114 2322 et
1121 2269 1183 2321 inde
1189 2288 1287 2322 nomen

219 2349 320 2411 visum,
336 2348 385 2400 lib.
400 2347 454 2412 VI,
472 2366 531 2418 cap.
548 2353 574 2402 6.
593 2350 685 2401 Livius
695 2350 733 2413 V,
776 2351 843 2403 illia
860 2368 945 2419 graeco
958 2350 1064 2413 πλάτος,
1085 2348 1215 2413 latitudo,
1226 2349 1288 2401 'sive

223 2429 277 2493 33,
291 2427 432 2480 Gallorum
445 2440 550 2498 gentem
565 2429 681 2498 errulgi
696 2428 733 2480 la·
777 2432 934 2493 απλατὺνω,
955 2428 1054 2494 dilato,
1068 2429 1096 2480 in
1113 2429 1197 2481 latum
1212 2425 1289 2481 didn·

221 2526 265 2560 ma
275 2505 366 2572 tradit,
374 2505 516 2560 dulcedine
524 2507 735 2578 frugummaxi·
767 2528 819 2562 -co.
840 2509 971 2578 Antiquos
993 2508 1063 2561 inter
1084 2509 1224 2577 scriptores
1245 2509 1289 2559 vix

221 2605 318 2658 meque
337 2587 394 2639 vini
418 2605 488 2639 nova
511 2600 569 2639 tum
596 2589 734 2658 voluptate
777 2588 894 2661 reperias
906 2588 1008 2648 ultum,
1026 2589 1073 2659 qui
1089 2589 1148 2657 eju's
1161 2607 1219 2640 non
1233 2606 1290 2640 me·

222 2680 339 2740 captam,
353 2666 434 2736 Alpes
450 2667 589 2731 transisse,
605 2684 735 2738 agrosque
777 2669 894 2722 minerit.
900 2668 1006 2720 Nullam
1016 2669 1087 2720 enim
1100 2684 1134 2717 ex
1142 2667 1292 2737 peregrinis

223 2748 257 2800 ab
271 2747 390 2800 Etruscis
405 2759 468 2799 ante
481 2747 566 2801 cultos
577 2747 734 2819 possedisse.
769 2750 901 2801 arborem
915 2760 1057 2817 tantopere
1075 2748 1103 2797 in
1121 2744 1225 2798 deliciis
1238 2750 1292 2799 Ro·

223 2828 314 2879 ΗΑΒ».
328 2859 368 2870 --
381 2827 462 2879 Cons.
479 2816 549 2879 etad
558 2829 632 2879 hunc
644 2829 736 2878 locum
779 2828 851 2879 mani
872 2844 996 2896 proceres
1017 2825 1149 2891 hahuere,
1168 2826 1216 2897 qui
1237 2828 1293 2897 pla-

222 2907 361 2960 Plutarch.
381 2906 410 2956 in
431 2905 561 2967 Camillo,
581 2924 641 2976 pag.
671 2904 734 2962 135,
778 2919 853 2958 tanos
868 2906 896 2957 in
910 2905 992 2970 villis,
1013 2905 1114 2968 hortis,
1135 2905 1294 2959 ambulacris

186 3019 190 3024 ν
224 2987 270 3056 qui
291 2986 426 3037 invectum
447 2984 476 3035 in
495 2984 609 3037 Galliam
626 2985 735 3048 vinum,
778 3004 881 3037 summa
912 3003 975 3037 cura
1001 2983 1129 3048 consitas,
1156 2985 1294 3057 diligentia

223 3064 364 3119 illiciendae
373 3064 458 3135 gentis
468 3081 561 3128 causa,
572 3064 606 3117 ab
619 3065 735 3129 Arunte,
779 3064 931 3117 incredibili
948 3066 1085 3128 colebant,
1097 3067 1199 3118 umbrae
1212 3064 1295 3118 'dum-

224 3145 296 3198 claro
317 3145 346 3196 in
373 3144 480 3196 Etruria
500 3143 574 3206 viro,
600 3145 737 3195 memoriae
780 3157 849 3199 taxat
875 3146 966 3216 gratia.
995 3146 1103 3216 Quippe
1128 3163 1177 3197 nec
1203 3146 1296 3198 arbori

224 3223 326 3296 prodit.
340 3224 404 3293 Ejus
417 3223 457 3274 rei
473 3222 590 3276 fortassis
598 3224 737 3295 exemplo,
779 3225 883 3278 fructos
895 3224 998 3290 edulis,
1014 3243 1097 3296 quare
1109 3226 1199 3276 sterilis
1204 3226 1298 3297 Virgi-

225 3305 399 3374 imperatores
410 3303 615 3355 Valentinianus
632 3316 659 3355 et
673 3304 738 3358 Gra·
779 3305 817 3357 lio
830 3304 928 3358 dicitur
938 3306 1037 3376 Georg.
1049 3306 1089 3369 Il,
1105 3324 1153 3372 7⁰3
1163 3324 1213 3357 nec
1224 3305 1298 3357 illius

225 3383 347 3437 tianusin
355 3381 455 3436 Codice
468 3382 623 3452 probibent,
631 3383 665 3436 ad
676 3385 736 3436 bar·
780 3383 815 3437 ad
828 3384 1010 3437 sustentandas
1022 3385 1105 3449 vites,
1123 3385 1189 3435 ulmi
1200 3385 1297 3444 instar.

225 3465 304 3518 baros
320 3463 430 3525 vinum,
448 3463 538 3515 oleum
561 3474 588 3515 et
603 3463 738 3534 liquamen
781 3465 896 3530 utilitas;
912 3464 984 3518 unde
1000 3465 1105 3517 eoolbem
1119 3483 1176 3516 eam
1190 3465 1298 3536 elegan-

227 3544 385 3606 translerre,
398 3561 432 3594 ne
443 3554 533 3612 gustus
542 3541 651 3612 quidem
661 3561 739 3596 causa
783 3555 823 3596 ter
846 3545 973 3597 Horatius
996 3545 1112 3616 appellat
1137 3545 1227 3597 Carm.
1253 3545 1298 3601 Π,

225 3634 271 3675 aut
280 3621 443 3675 commercii.
452 3620 555 3690 Magius
568 3621 639 3692 apud
649 3625 738 3676 Doleo.
788 3624 839 3688 15,
861 3631 886 3687 4.
909 3625 996 3678 Unica
1009 3628 1065 3697 ejus
1080 3621 1300 3689 commendatio,

225 3702 274 3755 lib.
290 3703 344 3767 111,
361 3719 418 3774 cap.
435 3720 479 3756 ra.
493 3700 545 3752 En.
783 3705 895 3756 unicum
912 3703 992 3757 decus
1004 3743 1013 3768 ‚
1030 3718 1056 3757 et
1069 3703 1097 3755 id
1113 3702 1223 3773 quidem
1237 3705 1301 3757 bre·

226 3842 229 3849 Ι
266 3780 739 3851 III.1.Umbroegratia.Exquab-u·
783 3783 990 3847 vissimumscil.
1002 3803 1092 3853 opaca
1103 3781 1207 3835 frondis
1215 3802 1301 3836 amoe-

225 3874 284 3914 ctus
305 3862 385 3927 alius,
419 3872 596 3932 preterquam
620 3862 737 3919 umbrae,
784 3863 861 3928 nitas,
875 3883 927 3934 qua
937 3883 986 3935 per
999 3876 1112 3917 aestatem
1123 3875 1246 3932 potantes
1257 3881 1303 3934 ge·

224 3936 329 4011 percipi
339 3941 429 3995 nullus
443 3941 533 4011 possit.
547 3940 638 3995 Hsnn.
783 3943 883 4013 nioque
896 3963 945 3996 suo
962 3943 1128 4013 indulgentes
1145 3945 1303 4006 recreabat,

268 4030 293 4073 a.
307 4020 427 4074 Platonas
437 4021 488 4073 lroec
496 4034 544 4086 est,
557 4023 739 4085 mare,etc.1ta
782 4024 885 4090 pernulis
898 4025 960 4076 inde
973 4036 1126 4096 nuncupata
1139 4021 1219 4075 ovid.
1232 4023 1300 4075 Met.
