2656 4830
454 391 615 459 LIBER
640 392 733 459 XII.
1108 419 1133 487 9

10 525 15 579 l
85 517 234 590 hominum
256 521 414 589 novitatis
435 513 554 609 avida)
576 520 701 616 platani
720 536 799 590 satae
821 545 1063 617 regeneravere
1081 525 1137 591 vi-

82 626 145 695 tium
165 652 172 695 :
196 626 465 721 quandoquidem
485 627 731 697 commendatio
751 629 879 697 arboris
898 630 969 722 ejus
988 629 1138 698 nonalia
1225 631 1228 637 ’

76 735 168 827 major
192 749 259 821 est,
282 758 381 829 quam
404 732 507 802 solem
530 748 643 802 aestate
663 758 795 819 arcere,
817 735 927 803 hieme
950 734 1136 805 admittere.

10 862 25 935 j·
70 839 140 908 lnde
157 842 192 908 in
211 838 341 910 Italiam
361 864 493 934 quoqne
510 864 551 908 ac
572 841 764 909 suburbana
784 866 863 928 sua,
884 840 1025 910 Claudio
1042 844 1136 936 prin·

67 948 147 1040 cipe,
169 945 323 1015 Marcelli
331 945 355 983 ¹⁹
374 947 538 1015 AEsernini
566 944 728 1035 libertus,
761 946 818 1033 sed
838 949 896 1040 qui
916 974 951 1017 se
978 948 1136 1042 potentiae

63 1076 157 1127 eausa
173 1054 313 1122 Caesaris
331 1050 456 1121 libertis
472 1052 787 1149 adoptasset‚spado
797 1052 1036 1124 ²⁰Thessalicus
1052 1080 1136 1149 prae-

59 1157 165 1246 dives,
180 1174 220 1229 ut
230 1161 353 1228 merito
367 1159 434 1228 dici
445 1173 558 1253 posset
570 1161 603 1229 is·
613 1185 746 1254 quoque
758 1163 952 1254 Dionysius,
970 1160 1139 1230 transtulit

58 1264 89 1334 id
99 1265 251 1359 genus²¹.
271 1269 471 1359 Durantqne
482 1264 611 1334 etiam²²
626 1268 661 1335 in
676 1265 772 1345 Italia
786 1282 940 1361 portenta
955 1282 1137 1354 terrarum,

55 1387 180 1465 praeter
201 1371 257 1441 illa
275 1371 418 1456 scilicet,
434 1397 507 1466 quae
520 1374 591 1466 ipsa
611 1374 816 1465 excogitavit
830 1372 934 1441 Italia.

108 1481 175 1548 VI.
198 1471 458 1572 (11.)'Namque
478 1493 512 1546 et
532 1477 804 1573 chamaeplatani¹
825 1494 990 1548 vocantur
1012 1494 1135 1548 coactae
1156 1517 1168 1547 1

53 1636 167 1707 platano
191 1636 250 1688 alise
277 1634 402 1708 deinceps
424 1647 497 1700 satra,
518 1654 574 1689 non
618 1637 727 1707 vulgata
748 1636 864 1688 lectione
890 1636 1135 1689 consentientibus?

53 1715 180 1769 eamdem
194 1716 328 1769 retinuere
340 1714 488 1780 dotem‚ut
496 1734 575 1767 num·
618 1717 671 1769 Eo.
684 1749 726 1759 -
739 1717 1135 1790 aimerico...1)tonystus.cu-
1213 1750 1216 1755 -

55 1813 140 1864 quam
166 1795 234 1847 folia
253 1795 436 1860 dimitterent;
450 1796 574 1865 qualaus
617 1800 659 1866 jus
678 1797 778 1848 sactum
795 1797 913 1850 imitatus
930 1809 1013 1854 esser,
1031 1795 1132 1866 dequo

54 1875 129 1927 illius
140 1874 252 1945 propria
264 1887 291 1927 et
302 1875 444 1946 peculiaris
455 1865 573 1939 fuit3sed
619 1895 698 1946 supra
712 1874 814 1928 dictum
828 1888 882 1939 est,
892 1896 949 1947 cap.
964 1875 990 1927 3.
1002 1876 1083 1929 Forte
1093 1893 1135 1928 sa·

55 1954 181 2007 nativum
194 1955 310 2007 retulere
330 1955 436 2007 arboris
452 1958 509 2025 ejus
527 1972 575 2006 seu
619 1956 684 2014 tius,
704 1967 732 2006 ut
746 1958 840 2009 merito.
858 1954 950 2008 Hirro.
963 1954 1136 2026 ——Proposi·

56 2034 171 2098 vitium,
183 2052 228 2085 seu
238 2032 374 2103 ingenium
385 2052 391 2083 τ
404 2047 434 2085 ut
445 2031 574 2103 quemad·
618 2048 672 2088 tam
688 2035 902 2087 emendationem
920 2032 966 2098 (se.
979 2048 1006 2087 ut
1018 2055 1067 2106 pro
1077 2032 1134 2101 et),

56 2110 172 2166 modum
192 2114 326 2184 opacitate
341 2111 478 2164 frondium
488 2125 574 2165 estate
618 2133 697 2185 quam
712 2115 821 2166 firmant
834 2115 898 2185 Reg.
911 2115 1015 2167 codices
1028 2128 1055 2168 et
1069 2114 1134 2168 edit.

58 2193 143 2246 solem
153 2204 284 2257 arcerent,
291 2192 328 2243 sic
340 2191 438 2255 hieme,
446 2191 574 2245 foliorum
620 2194 761 2264 princeps,
775 2207 835 2264 post
848 2195 1001 2247 Broterinnr
1014 2197 1136 2266 recipere

58 2273 216 2338 amissione,
233 2283 321 2324 totum
340 2270 520 2324 admitterent.
538 2271 573 2324 Η.
617 2273 685 2325 nulli
698 2273 886 2325 dubitavimus.
898 2275 949 2326 En.

69 2364 72 2369 '
103 2369 149 2422 19.
176 2353 291 2404 Marcelli
315 2351 451 2403 AEsernim'.
482 2351 510 2403 Is
536 2363 576 2403 est
658 2372 704 2405 21.
730 2353 764 2405 Id
785 2372 870 2421 genus.
897 2354 1001 2406 Platani
1031 2353 1133 2408 scilicet

57 2433 145 2486 Marc.
164 2432 333 2495 AEserniuus,
350 2448 430 2501 quem
447 2431 499 2484 Cn.
512 2430 574 2482 Piso
618 2432 802 2503 Gortyuensis.
818 2434 910 2486 Hann.

57 2511 139 2566 cedis
153 2510 307 2565 Germanici
325 2521 473 2566 accusatus,
488 2522 575 2579 patro·
660 2531 706 2565 aa.
725 2514 810 2564 Etiam
829 2517 854 2564 in
875 2513 960 2566 Italia.
977 2512 1070 2567 chiffl.
1086 2532 1132 2566 co·

57 2611 124 2645 num
134 2593 230 2662 petiit,
245 2604 276 2643 ut
286 2590 378 2643 scribit
390 2584 510 2652 Tacitus,
520 2592 574 2640 An-
617 2590 681 2656 dex,
697 2605 723 2643 et
733 2596 757 2643 r'n
770 2593 854 2644 Italia.
868 2593 922 2644 Eo.

60 2673 112 2725 nel.
132 2672 193 2735 Ill,
215 2690 240 2723 a.
252 2670 354 2724 Tiberii
372 2669 526 2739 principatu
536 2671 575 2720 vi·
658 2671 707 2723 VI.
724 2689 747 2724 1.
765 2672 959 2740 Chamoeplatani
968 2709 976 2735 ,
998 2685 1048 2724 etc.
1070 2673 1132 2725 Non

61 2752 96 2804 xit
116 2770 125 2805 ε
149 2751 223 2804 iilius
247 2751 298 2803 suit
325 2747 431 2801 Claudii
453 2748 578 2801 Marcelli
618 2748 720 2802 diversa
736 2751 878 2813 aPlatanis
889 2747 1061 2803 orientalibus
1072 2770 1133 2821 spe-

59 2831 210 2896 AEsernini,
233 2831 280 2901 qui
302 2848 363 2882 cum
386 2829 417 2882 L.
444 2828 574 2881 Arruntio
617 2831 677 2882 cies.
694 2831 731 2883 Ex
744 2830 796 2882 hoc
810 2829 902 2882 Nostri
917 2830 977 2881 loco
991 2843 1064 2900 patet
1076 2830 1134 2900 pla-

58 2912 228 2964 consulatum
236 2910 407 2980 gessit‚anuo
418 2909 453 2961 U.
463 2908 493 2961 C.
507 2910 573 2978 732.
617 2922 692 2963 tanos
714 2922 787 2965 certo
812 2908 918 2962 serendi
940 2928 971 2962 ac
996 2909 1134 2962 recidendi

59 2991 153 3043 Hanc.
166 3022 208 3034 ·-
223 2990 294 3043 Male
312 2991 340 3041 in
360 2988 485 3040 omnibus
498 2989 574 3041 libris
616 3009 722 3061 genere,
731 2989 764 3042 ad
775 2990 955 3059 pumilionum
969 2980 1061 3055 (naias)
1071 2991 1133 3042 bre·

60 3069 156 3136 editis,
165 3072 292 3123 Esernirri.
303 3071 390 3122 Bnor.
617 3071 724 3123 ritatem
735 3068 821 3139 redigi
837 3070 926 3122 solitas
936 3088 944 3134 ;
959 3069 1132 3140 quemadmo-

101 3169 144 3202 ao.
161 3150 215 3204 Sed
231 3153 300 3221 qui...
323 3149 399 3219 spado
422 3148 573 3200 Thessalicus
617 3148 681 3202 dum
691 3148 766 3220 apud
781 3168 830 3201 nos
843 3150 975 3219 superior.
990 3152 1078 3204 saecul.
1094 3151 1132 3203 ri·

56 3229 187 3298 praedives,
204 3243 253 3282 etc.
264 3230 327 3281 Haec
337 3241 390 3281 tarn
404 3229 515 3280 sollicita
524 3227 575 3280 dis·
618 3227 723 3282 diculus
742 3248 799 3282 mos
816 3228 930 3282 invaluit
942 3230 970 3281 in
987 3231 1074 3283 hortis
1087 3249 1132 3282 re·

60 3309 172 3379 quisitio
182 3310 352 3362 fortunarum
369 3327 399 3360 ac
409 3327 515 3362 morum
528 3309 577 3360 ho·
618 3328 680 3378 gum
693 3322 738 3362 aut
752 3310 912 3380 optimatum
922 3303 1015 3379 (pares)
1025 3349 1033 3375 ‚
1045 3322 1133 3376 taxos,

60 3389 142 3441 minis
171 3389 302 3442 libertina
330 3386 493 3441 conditionis
523 3407 574 3440 nec
618 3390 711 3452 buxos,
724 3390 857 3459 carpinus,
871 3402 923 3441 etc.
936 3389 972 3442 ita
987 3389 1133 3453 tondendi,

60 3468 183 3536 praesenti
202 3469 323 3524 instituto
337 3468 473 3537 congruit,
492 3480 519 3520 et
536 3468 576 3519 in·
618 3471 754 3521 utmutilae
768 3471 1136 3538 truncataquearboresmul-

60 3544 142 3618 digna
155 3560 195 3601 est
208 3549 327 3601 Pliniana
339 3547 474 3618 gravitate.
482 3548 576 3618 Itaque
618 3548 732 3601 tinrodas
742 3568 832 3601 rerum
841 3561 866 3600 et
875 3549 1028 3602 animalium
1038 3551 1135 3619 figuras

59 3627 143 3680 verba
159 3629 217 3681 hec
236 3646 292 3680 non
312 3627 408 3690 Plinii,
432 3625 477 3680 sed
491 3628 575 3679 aliena
617 3642 805 3698 representare
819 3627 982 3682 viderentur.
995 3631 1137 3700 Necprius

23 3717 25 3721 “
59 3726 208 3760 censemus.
241 3710 406 3761 Prurrarrus.
440 3737 479 3748 —
507 3708 575 3772 Quis
619 3708 730 3760 istorum
767 3722 983 3761 ornamentorum
1020 3709 1137 3775 taeduit,

59 3805 144 3857 porro
156 3801 255 3857 praeter
268 3785 373 3839 doctiss.
388 3787 485 3849 virum,
495 3786 576 3839 inter·
622 3807 702 3858 quam
714 3802 821 3860 reperto
832 3808 905 3842 novo
915 3788 1034 3860 quodam
1045 3790 1139 3842 horto·

58 3867 226 3936 polationcm
249 3869 301 3920 hoc
322 3868 350 3918 in
372 3868 433 3919 loco
448 3866 577 3936 suspicari
622 3887 684 3919 rum
709 3888 824 3939 genere,
850 3868 924 3939 quod
946 3871 1078 3939 anglicum
1093 3888 1139 3921 vo-

58 3947 99 3998 t‘as
120 3966 177 3999 esse
194 3946 327 4010 duxisset,
343 3947 469 3999 omnibus
486 3945 579 4011 libris,
624 3960 702 4013 cant,
729 3947 763 4000 ad
787 3961 907 4001 naturam
932 3949 1040 4019 quidem
1058 3949 1140 4018 magis

27 4098 34 4108 ἢ
59 4039 121 4079 tum
134 4024 230 4091 editis,
244 4040 301 4081 tum
313 4024 578 4091 manuexaratis,de
625 4028 842 4095 accommodato,
862 4028 909 4082 sed
935 4029 1039 4100 inquo
1063 4027 1141 4080 multi
