2656 4830
193 367 250 462 vuj
287 385 289 388 ·
415 367 754 442 pannonum
783 349 1046 441 'untionis

192 490 303 570 gendus
319 491 375 550 fuit
388 493 431 552 cl.
443 492 645 570 Spnengelius‚
658 512 747 571 quem
761 493 868 552 nostris
882 492 1081 572 temporibus,
1096 506 1126 553 et
1136 515 1277 554 consum-

193 601 270 649 mata
294 589 475 666 scriptorum
494 590 682 667 antiquorum
700 589 819 660 notitia,
841 603 871 647 et
887 589 1033 650 indefesso
1050 589 1200 651 botaniees
1217 614 1276 651 au-

192 684 295 762 gendae
309 685 422 759 studio,
442 706 504 765 prae
517 686 628 744 caeteris
647 685 684 744 de
697 686 754 745 hac
768 685 862 744 nobili
875 685 997 745 scientia
1011 687 1122 766 optime
1137 689 1278 747 meritum

172 798 175 805 ’
193 803 279 841 nemo
296 802 355 841 non
368 781 516 842 fatebitur.
530 785 686 862 Plerasque
700 782 847 843 eruditiss.
858 783 916 841 viri
927 796 1026 856 notas,
1038 804 1076 843 ex
1085 788 1216 844 Historia
1234 790 1279 843 rei

192 881 336 936 herbariae
348 880 515 960 decerptas,
529 880 835 958 luculentissimosqne
848 879 977 958 ejusdem
987 885 1135 940 Excursus
1146 903 1183 942 ex
1194 885 1278 939 Anti-

193 980 334 1055 quitatum
352 980 560 1036 Botanicarum
575 980 752 1055 Speeimine,
769 979 800 1036 in
814 998 899 1037 usum
916 992 1050 1038 nostrum
1065 981 1276 1039 convertimus.

192 1058 255 1134 Nec
272 1073 427 1133 mediocris
441 1074 601 1153 adjumenti
620 1076 702 1133 fuere
719 1074 762 1134 Cl.
777 1073 904 1135 Gerardi
922 1075 968 1152 (la
987 1079 1072 1132 Flore
1090 1078 1128 1132 de
1147 1081 1177 1132 la
1195 1081 1277 1135 Pro-

155 1170 157 1174 ‘
194 1172 293 1248 venne)
310 1169 533 1232 observationes
549 1172 581 1229 in
596 1171 724 1231 Plinium
736 1169 878 1230 hactenus
892 1171 1025 1244 ineditae,
1042 1192 1167 1251 quarum
1188 1171 1277 1232 nobis

193 1267 354 1327 liberaliter
376 1269 492 1348 copiam
517 1268 585 1328 lecit
608 1268 758 1328 Gerardus
784 1269 879 1340 filius,
906 1267 1075 1328 doctissimo
1101 1281 1185 1348 patre
1212 1290 1275 1328 non

193 1358 347 1445 indignus,
367 1367 419 1445 qui
441 1367 626 1425 nonnullas'
618 1386 681 1444 1pse
702 1368 733 1424 in
758 1367 884 1425 Plinium
904 1365 1016 1445 aliquot
1038 1365 1109 1425 locis
1127 1366 1276 1424 illustran-

193 1463 264 1524 dum
288 1463 435 1543 symbolas
451 1464 590 1523 contulit.
614 1469 674 1523 Nec
699 1464 761 1522 sine
783 1464 900 1544 piaculo
925 1462 1080 1522 tacendum
1104 1445 1191 1522 fuerit
1211 1484 1277 1522 ma-

192 1561 269 1619 xime
290 1559 452 1620 verendum
474 1558 553 1638 apud
575 1560 655 1618 viros
678 1559 723 1617 rei
743 1556 889 1618 herbariae
906 1559 1017 1636 peritos
1038 1559 1225 1618 illustrissimi
1245 1573 1278 1618 et

193 1657 358 1717 amicissimi
381 1661 413 1714 L.
431 1661 661 1714 Dnsroumues
674 1673 796 1727 nomen,
814 1654 882 1733 qui,
897 1653 996 1732 quoad
1012 1674 1066 1732 per
1076 1654 1276 1714 valetudinem

146 1827 147 1830 Ἴ
192 1748 287 1826 licuit,
303 1766 436 1811 nostrum
450 1772 525 1830 opus
539 1752 666 1811 revisere
682 1750 890 1831 dignatusest,
915 1750 1051 1830 notisque
1067 1752 1176 1811 criticis
1189 1752 1276 1812 locu-

167 1854 176 1877 ⁶
193 1852 319 1931 pletare,
332 1869 405 1929 quas
416 1867 530 1908 summo
540 1849 605 1907 viro
620 1846 878 1934 acceptasreferre
892 1862 976 1927 grato
992 1869 1026 1906 ac
1040 1849 1164 1906 memori
1175 1849 1274 1935 animo

193 1947 362 2028 gaudemus.
383 1946 421 2005 Iis
439 1947 532 2025 copiis
546 1947 696 2020 instructi,
714 1945 821 2006 talibus
840 1947 908 2005 freti
927 1946 1056 2017 auxiliis,
1074 1946 1204 2025 incoepto
1227 1947 1275 2005 in-

194 2043 347 2103 cubuimus
373 2044 471 2122 operi,
496 2042 582 2121 quod
604 2057 637 2102 ut
661 2043 748 2102 nobis
774 2042 916 2115 arduum,
944 2043 985 2101 sio
1012 2041 1172 2102 lectoribus
1201 2043 1274 2115 utile

194 2141 288 2200 visum
304 2142 355 2238 iri,
375 2161 525 2229 speramus
545 2161 613 2200 vere
618 2141 724 2235 magis
741 2161 828 2219 quam
846 2139 1031 2234 confidimus
