2656 4830
305 352 361 459 C.
395 353 633 457 PLINII
668 353 1012 461 SECUNDI

112 600 656 816 Naruaams
713 546 1200 751 Hisromn

472 902 677 990 LIBER
713 902 836 989 XII.

458 1145 855 1181 w

110 1304 434 1425 LArsrmaLrun
463 1352 630 1438 omnium,
655 1376 728 1446 quae
755 1354 849 1421 nosci
873 1367 1031 1446 potuere,
1064 1371 1224 1433 naturast

112 1460 298 1553 generatim
327 1457 604 1551 membratimque
627 1459 686 1526 ita.
701 1483 736 1527 se
759 1457 894 1527 babent.¹
920 1461 1061 1530 Restant
1082 1488 1191 1556 neque

111 1567 183 1659 ipsa
197 1554 314 1633 'anima
341 1567 488 1633 carentia
516 1552 809 1658 (quandoquidem
831 1563 915 1633 nihil
938 1566 1008 1635 sine
1031 1591 1067 1634 ea
1089 1562 1190 1658 vivit)

111 1685 202 1740 terra
227 1670 334 1753 edita,
355 1685 393 1738 ut
410 1669 486 1740 inde
508 1668 620 1739 eruta¹
640 1669 813 1757 dicantur,
844 1695 883 1740 ac
905 1669 1035 1740 nullum
1056 1673 1190 1744 sileatur

112 1779 249 1846 Naturae
279 1802 374 1871 opus.
399 1778 467 1845 Diu
497 1777 589 1846 fuere
611 1775 759 1846 occulta²
779 1778 850 1870 ejus
876 1778 1068 1848 beneficia:
1097 1805 1189 1849 sum·
1279 1864 1282 1869 Ι

112 1908 272 1978 mumque
294 1908 417 1951 munus
434 1884 563 1952 homini
583 1882 719 1968 datum,
742 1884 877 1953 arbores
898 1883 1055 1979 silvaeque
1070 1885 1190 1956 intelli·

113 1990 285 2085 gebantur.
306 1991 392 2058 Hinc
409 1991 554 2083 primum
571 1975 756 2081 alimenta³,
773 1990 894 2059 harum
915 1992 1033 2060 fronde
1056 1993 1188 2063 mollior
1208 2039 1222 2072 2

113 2123 230 2192 specus
240 2087 264 2180 ⁴¹,
279 2095 365 2165 libro
380 2081 507 2165 vestis⁵.
523 2098 716 2165 Etiamnum
739 2083 874 2192 gentes6
890 2099 936 2168 sic
955 2098 1090 2194 degunt.
1107 2102 1186 2190 Quo

149 2285 171 2336 I.
193 2292 220 2335 ιζ
247 2282 283 2334 Ut
301 2280 357 2333 inde
374 2292 451 2333 eruta.
472 2281 511 2334 Ut
529 2279 626 2334 deinde
668 2280 711 2334 his
734 2300 826 2334 rerum
845 2280 1001 2352 primordiis
1021 2284 1101 2354 vestis
1124 2286 1187 2342 fuit.

113 2363 216 2416 metalla
229 2361 369 2427 dicantur,
384 2379 443 2432 quas
456 2373 542 2414 sunte
556 2373 626 2414 terra
670 2362 762 2415 Hsau.
782 2392 823 2404 -
845 2360 902 2414 Nec
921 2382 970 2415 nos
992 2364 1082 2427 Plinio¹
1104 2364 1187 2420 fidem

112 2457 192 2496 eruta.
211 2443 304 2494 Haun.
670 2442 849 2512 abrogamus:
865 2442 964 2494 etenim
982 2443 1090 2508 insulae,
1104 2464 1186 2516 qnam

151 2543 175 2575 a.
192 2521 307 2574 Occulta.
324 2521 416 2574 Elzev.
427 2521 625 2587 occultata,ma·
669 2521 749 2591 vulgo
759 2521 830 2573 chso
843 2535 953 2582 vocant,
969 2523 1062 2576 incolis
1078 2525 1185 2594 agresti-

111 2602 204 2655 nilesto
213 2619 355 2671 operarum
377 2594 525 2652 erroreJ—
533 2600 624 2652 Occul·
668 2600 719 2652 bus
733 2599 821 2652 adbuc
834 2614 860 2653 et
876 2601 1021 2667 semiferis,
1034 2602 1134 2656 librum
1151 2605 1184 2657 ti·

113 2694 135 2732 ta
148 2685 200 2752 ejus
215 2680 337 2750 benficia.
355 2676 522 2732 Rudioribus
538 2679 625 2732 homi·
667 2678 725 2744 liae,
739 2680 794 2731 sive
807 2680 962 2732 interiorem
977 2683 1079 2735 arboris
1095 2687 1183 2755 eujus·

112 2763 186 2814 nibus
198 2762 379 2831 incomperta,
398 2759 445 2830 qui
464 2757 512 2812 diu
525 2758 625 2811 summi
668 2754 729 2810 (iam
753 2758 847 2810 similis
868 2760 1009 2825 corticem,
1027 2764 1109 2829 panni
1124 2764 1183 2816 vice

111 2841 227 2894 muneris
251 2840 312 2893 loeo
334 2840 489 2892 babuerunt
515 2840 624 2893 arbores
666 2839 849 2904 intertextam,
867 2858 918 2908 pro
932 2853 1002 2891 veste
1016 2840 1095 2892 etiam
1109 2861 1183 2895 nrrnc

112 2934 135 2973 et
147 2922 241 2981 silvas,
260 2939 291 2972 ex
314 2920 411 2991 quibus
427 2933 509 2972 vestes
531 2931 557 2971 et
575 2919 625 2971 ali·
668 2937 723 2970 esse
737 2930 848 2971 testatur
860 2920 1050 2984 Bnououron,
1072 2921 1137 2995 Voy.
1153 2923 1183 2973 dc

112 3015 194 3054 menta
209 3001 394 3070 suppetebant.
406 2998 470 3052 vid.
483 3010 552 3052 nott.
567 2999 582 3052 5
598 3011 625 3051 et
668 2999 816 3051 dlcouvcrter
844 2999 905 3050 duos
930 2999 1037 3052 l'Oce‘aa
1061 3001 1182 3074 pacifique
1260 3021 1262 3026 ·

112 3081 220 3134 (linfra.
237 3081 289 3132 En.
669 3078 764 3142 bardal,
785 3078 950 3147 1795—98.
966 3081 1019 3131 En.

149 3164 175 3215 3.
185 3161 322 3213 Alimenta.
332 3160 375 3212 Sic
386 3156 477 3212 Chiffl.
489 3155 549 3210 cod.
559 3156 622 3209 Lib.
711 3162 739 3212 6.
752 3160 892 3210 Etiamnum
900 3171 991 3228 gentes.
1000 3157 1043 3212 Ad
1050 3161 1182 3215 rationem

111 3236 562 3303 anteHard.editi‚alimentum.En.
669 3239 784 3291 maxime
800 3236 897 3292 aedtum
916 3239 961 3291 hic
980 3240 1100 3310 gentium
1123 3259 1182 3296 mos

149 3328 175 3384 4.
191 3320 295 3371 Mollior
312 3338 402 3388 specus.
423 3318 495 3370 Tum
508 3317 623 3380 scilieet,
666 3332 776 3389 spectat.
795 3318 917 3370 Eximius
941 3331 979 3371 est
997 3320 1116 3373 Vitruvii
1140 3322 1180 3375 lo-

111 3400 148 3451 uti
162 3401 233 3452 Naso
252 3397 365 3460 cecinit,
382 3399 449 3451 Met.
467 3398 494 3458 1,
517 3415 568 3449 121
596 3407 624 3448 et
667 3418 725 3459 cus,
739 3399 788 3450 lib.
803 3398 840 3463 ΙΙ,
856 3417 915 3469 onp.
936 3400 1019 3462 1,nbi
1033 3401 1181 3455 multaele-

115 3497 181 3531 122:
196 3505 207 3525 ι
217 3478 308 3542 Quum
321 3478 441 3548 primum
455 3477 562 3531 subiere
576 3475 622 3528 do·
667 3491 758 3548 genter
769 3475 959 3547 depriseorum
968 3480 1180 3544 hominumvita‚

89 3610 97 3632 x
110 3557 288 3619 mos‚domus
297 3570 372 3611 antra
381 3557 497 3620 fuerunt,
508 3554 623 3609 Etdensi
667 3555 740 3610 etde
755 3557 837 3610 initiis
852 3559 1025 3612 humanitatis
1042 3572 1121 3632 atque
1140 3574 1180 3614 te·

110 3637 231 3704 frutices,
243 3649 269 3689 et
282 3638 381 3707 junctae
394 3638 493 3691 cortice
505 3637 594 3706 virgae.
607 3660 617 3681 n
669 3651 773 3690 ctorum
782 3650 808 3690 et
818 3639 987 3690 incrementis
996 3658 1099 3693 eorum.
1111 3641 1181 3693 Nam

111 3716 351 3768 Haeo—Vetus
368 3716 436 3769 liber
445 3714 518 3788 apud
532 3716 621 3768 Dalec.
667 3729 697 3769 ut
712 3718 800 3788 aliqua
821 3737 852 3770 ex
873 3718 905 3770 iis
921 3714 1091 3772 delibemus:
1117 3718 1181 3772 aad

112 3795 200 3850 melior.
215 3797 268 3849 En.
668 3799 740 3850 hunc
752 3797 840 3862 diem,
853 3797 956 3866 inquit,
970 3798 1124 3852 nationibus
1137 3819 1182 3851 ex·

86 3902 96 3913 .
150 3874 175 3928 5.
191 3876 266 3928 Libro
285 3878 369 3927 vestis.
390 3872 425 3926 Et
442 3877 568 3928 arborum
589 3874 623 3926 li·
669 3877 732 3928 teris
749 3896 781 3929 ex
794 3878 836 3930 his
855 3876 935 3930 rebus
955 3876 1066 3932 aedificta
1083 3879 1183 3932 consti·

110 3950 172 4019 ¹tro,
188 3955 298 4025 inquit,·
309 3954 416 4008 mollior
430 3955 573 4008 hominnm
596 3955 624 4006 in
669 3968 802 4009 tuuntur:
824 3969 854 4008 ut
872 3958 901 4008 in
920 3955 1022 4015 Gallia,
1041 3959 1184 4031 Hispania,

177 4066 234 4130 -14
304 4137 308 4143 ,
1035 4092 1045 4133 1

124 4146 141 4167 2
535 4160 537 4165 ,
