2656 4830
218 106 265 180 58
486 110 525 179 C.
552 110 720 181 PLINII
744 108 850 180 NAT.
874 110 1006 178 HIST.

216 239 472 312 dumnsimilem
487 238 736 331 ma'lo,seminis
748 242 904 338 plenum:
919 238 1132 336 lacrymaque
1144 241 1318 336 erumpis

218 350 323 419 incisa
336 354 650 443 partesumma,vix
665 364 704 420 ut
712 351 863 445 dignosci
876 349 980 443 possit
991 346 1183 417 amasticbe
1197 370 1318 423 vern

218 455 291 523 Nec
308 480 377 523 non
396 470 430 525 et
449 443 565 526 tertia³
582 459 617 527 in
631 462 739 527 Ponto
752 470 822 543 est,
843 454 1013 524 bituminis
1033 450 1182 521 similior.
1198 455 1318 526 [aa.

217 561 387 631 datissima
405 577 517 632 autem
531 564 617 634 Chia
636 549 916 655 candidatorum
934 561 1078 654 pretium
1097 544 1152 626 in⁵
1172 557 1318 657 libras,

218 692 277 754 xx3
291 670 393 761 nigrae
404 693 496 756 vero,
509 694 574 740 rui.¹
588 657 694 740 Chia⁶
714 694 732 738 e
745 669 883 738 lentisco
898 667 1041 736 traditur
1053 666 1146 760 gigni
1161 677 1318 760 guunm¹

218 774 348 843 modo:
369 775 589 862 adulteratur,
612 791 651 845 ut
666 775 798 861 thura⁷,
820 775 939 843 resina.

164 888 166 892 ’
188 915 198 949 1
273 883 452 952 XXXVII.
463 882 584 952 Arabia
598 884 781 952 etiamnum
795 896 829 950 et
847 877 985 950 ladano¹
1001 876 1185 971 gloriatur:
1203 875 1307 952 torte

219 1010 363 1081 casuque
390 987 456 1058 hoc
484 1003 519 1058 et
544 989 666 1082 injuria
689 989 762 1057 fieri
789 984 944 1075 odoris²,
969 982 1081 1079 plures
1111 982 1296 1056 tradidere.

218 1206 340 1260 Dssfont.
350 1206 450 1260 Atlant.
464 1205 525 1261 flor.
535 1209 578 1274 11,
589 1225 650 1279 pag.
664 1205 730 1260 252.
775 1205 920 1277 colligitur,
935 1217 966 1260 ut
977 1206 1061 1259 refert
1071 1204 1224 1274 Bellonius,
1233 1207 1283 1261 Ob

219 1287 320 1338 Acarna
331 1289 476 1356 ffummrfira
486 1286 586 1342 Willd.
601 1287 732 1340 Ciuaroce·
774 1305 843 1351 serv,
859 1286 905 1350 ΙΙ,
923 1286 1016 1352 8,ubi
1027 1284 1064 1339 ait
1081 1285 1167 1339 solam
1175 1280 1278 1349 inslilan

216 1365 284 1436 phul.
305 1354 393 1434 Juss.)
414 1365 521 1418 Habitat
542 1366 571 1418 in
591 1365 732 1436 Hispania,
775 1365 869 1420 Chiam
882 1383 1007 1437 generare
1019 1365 1183 1429 mastichen,
1205 1384 1275 1436 qusn-

218 1445 310 1509 Iulia,
324 1446 419 1509 Creta,
434 1445 574 1510 Barbaria,
590 1458 642 1498 etc.
658 1445 709 1498 En.
774 1459 855 1516 quam
866 1445 959 1498 Galen.
965 1445 1013 1498 lib.
1021 1445 1049 1497 Π
1062 1443 1096 1497 ed
1107 1444 1274 1509 Glauconem,

262 1525 342 1578 &Et
355 1527 433 1577 tertia.
451 1525 518 1590 Qun
529 1524 622 1595 nigre,
641 1537 673 1578 ut
689 1523 731 1578 di·
775 1525 916 1596 aegyptiam
939 1524 1085 1578 mastichen
1107 1522 1272 1577 commendat

223 1604 293 1657 citur
305 1604 382 1671 XIV,
391 1603 438 1656 ab·
454 1604 663 1657 Hiran-Eam
676 1604 731 1656 vini
774 1605 889 1657 Lentisci
899 1622 947 1674 per
953 1604 1067 1657 Galliam
1075 1603 1272 1668 Narbonensem,

221 1682 371 1737 condituris
392 1683 456 1735 olim
470 1682 610 1736 admisceri
627 1683 731 1737 solitam
775 1682 943 1737 Provinciam
967 1695 993 1737 et
1007 1683 1113 1735 Italiam
1134 1695 1272 1745 nascentes,

220 1761 283 1816 vide
295 1762 342 1815 lib.
353 1764 431 1829 XIV,
441 1781 498 1833 cap.
513 1783 556 1816 ao.
568 1764 671 1815 Danau.
776 1763 808 1815 iis
822 1783 880 1834 quaa
898 1763 926 1814 in
941 1762 1009 1814 Chio
1022 1773 1163 1828 crescunt,
1177 1760 1273 1815 suntd-

262 1847 288 1904 4.
306 1843 368 1895 Chia
382 1843 495 1895 eandida.
511 1844 551 1895 De
567 1861 620 1913 qua
637 1841 732 1894 Galen.
775 1842 851 1894 miles
863 1860 871 1906 ;
883 1842 984 1893 nullam
999 1853 1088 1894 tamen
1105 1840 1220 1894 resinam
1232 1840 1275 1892 stil-

219 1920 254 1974 de
272 1922 373 1975 Facult.
392 1922 470 1992 simp.
487 1921 582 1975 medic.
597 1921 645 1973 lib.
661 1923 732 1986 Vn,
775 1920 840 1975 lant.
852 1921 931 1974 Cous.
949 1919 1016 1989 Bod.
1033 1921 1061 1972 in
1075 1916 1214 1992 Theopbr.
1225 1920 1276 1982 Ill,
1316 1978 1318 1985 ¹

219 2005 342 2072 pag-206
358 2020 365 2054 ε
380 2003 532 2069 Μαστίχηὴ
549 2003 589 2072 μὲν
602 2003 675 2058 λευκὴ
690 2001 732 2055 καὶ
779 2002 974 2054 15.-Pistacia
985 1998 1277 2067 lentiscusLinn.(Diec.
1316 1990 1318 2067 l

221 2078 283 2134 xta.
300 2081 420 2146 Nostris,
431 2085 524 2134 martio.
538 2081 631 2133 Hann.
772 2080 889 2149 pentand.
899 2097 959 2150 gen.
969 2099 1002 2133 aa
1010 2099 1053 2148 να,
1062 2080 1136 2133 Pers.
1151 2078 1277 2132 Terebiutl.

262 2159 289 2213 5.
302 2162 332 2213 Iu
348 2161 421 2212 libras
433 2161 500 2213 XX.
517 2160 625 2213 Denarii
637 2159 732 2230 viginti
775 2157 864 2223 Juss.)
875 2160 927 2212 En.

221 2252 284 2292 sunt
295 2254 408 2293 monetae
418 2253 531 2304 nostras,
550 2245 585 2302 14
604 2239 638 2292 fr.
658 2244 693 2303 hl
708 2259 732 2292 c.
818 2256 844 2309 7.
860 2240 895 2291 Ut
906 2240 985 2292 thura.
997 2240 1021 2291 Α
1033 2251 1155 2293 veterum
1167 2237 1281 2293 omniun

220 2319 302 2389 nigrae
316 2337 379 2373 vero
393 2321 512 2391 pretium
525 2317 644 2372 duodeni
653 2318 734 2373 dena·
775 2319 966 2390 exemplarium
980 2336 1109 2373 consensu
1131 2336 1189 2373 nou
1205 2316 1281 2372 disoe-
1316 2368 1318 2375 ,

221 2399 264 2464 rii,
279 2397 308 2452 id
324 2413 371 2465 est,
389 2404 405 2455 8
423 2399 456 2453 fr.
472 2402 541 2463 480.
558 2399 611 2451 En.
777 2396 827 2460 do,
845 2417 960 2470 quorum
987 2400 1043 2452 haec
1061 2409 1187 2451 constans
1208 2396 1282 2452 lectio

261 2481 288 2532 6.
315 2479 379 2532 cata
399 2501 412 2531 e
430 2474 537 2532 buturo.
550 2476 732 2542 Dioscorides,
776 2491 835 2530 est:
857 2490 1030 2550 quanquam,
1051 2479 1073 2531 si
1103 2477 1283 2533 Dioscoriden

220 2557 267 2611 lib.
279 2559 307 2623 Ι,
318 2576 376 2631 cap.
391 2577 440 2630 90:
459 2562 580 2613 Γνννᾶται
595 2554 624 2610 δὲ
640 2559 682 2610 καὶ
694 2560 735 2627 pu·
777 2575 862 2610 unum
885 2559 914 2611 in
934 2557 1075 2612 consilium
1093 2556 1222 2611 adsonem
1238 2554 1284 2624 (id

220 2638 272 2695 τὶνη
289 2638 314 2701 ἐξ
328 2642 405 2700 αὐτῆς
422 2640 513 2706 σχινίνη
531 2638 733 2706 καλουμένη,ν“νπ’
776 2636 967 2709 quodquidam
979 2637 1223 2692 inconsultelacere
1235 2636 1286 2690 aun'

220 2718 286 2771 ἐνίων
310 2713 340 2772 tt
356 2719 483 2789 μαςίχη...
503 2719 620 2787 γεννᾶται
641 2712 670 2769 di
690 2717 732 2769 καὶ
776 2728 855 2782 suut,
869 2728 899 2769 ut
910 2717 1029 2770 Plinium
1040 2717 1140 2770 erroris
1151 2716 1286 2770 insimule-

219 2797 337 2863 anates,
348 2798 390 2851 καὶ
402 2797 490 2858 ultien
505 2799 529 2849 lu
538 2797 593 2866 Χίῳ
603 2799 635 2864 τῇ
650 2797 734 2867 νήσῳ,
777 2809 839 2849 rent
852 2794 881 2862 ),
899 2797 951 2868 legi
966 2816 1044 2867 posse
1056 2795 1180 2864 videtur,
1195 2794 1286 2849 adsalto·

219 2897 244 2930 νι.
262 2898 285 2929 τ.
301 2884 325 2930 λ.
340 2876 434 2930 Effluit
449 2896 481 2930 ex
498 2876 611 2930 lentisco
628 2877 733 2941 resina,
776 2888 846 2928 ratur
862 2877 929 2929 thure
941 2889 965 2928 et
979 2879 1058 2929 mirra
1069 2896 1080 2930 .·
1093 2875 1131 2929 sic
1141 2876 1215 2930 enim
1231 2876 1286 2941 ille,

220 2953 348 3011 mastiche
361 2955 440 3009 dicta.
450 2957 512 3010 Non
525 2954 625 3009 cadunt
631 2955 734 3010 lentisci
776 2956 823 3009 lib.
836 2957 861 3022 1,
879 2973 903 3009 c.
917 2975 972 3026 90:
996 2962 1115 3011 Δολοῦται
1129 2950 1175 3021 dl,
1189 2954 1287 3010 λνὸἄνω

220 3036 300 3102 folia3
315 3035 394 3090 floret
410 3054 487 3102 vere,
503 3036 596 3100 baccas
610 3024 733 3107 (drupas)
776 3037 818 3089 καὶ
829 3037 924 3107 ῥητίνης
936 3035 1069 3107 spedulia<
1081 3037 1235 3107 μιγνυμένων
1246 3039 1289 3090 st·

218 3128 348 3169 autumno
364 3127 480 3168 maturas
497 3113 593 3168 reddit.
608 3115 734 3169 Provenit
776 3122 818 3186 τῇ.
831 3117 866 3169 At
877 3135 941 3170 vero
953 3134 1027 3169 nunc
1037 3116 1160 3186 respicit,
1175 3115 1289 3179 utdixi·

221 3195 250 3248 in
264 3196 389 3265 plurimis
400 3195 570 3266 regionibus,
579 3195 732 3261 Lusitania,
776 3214 844 3260 mus,
858 3194 892 3248 ad
908 3214 969 3248 eum
981 3195 1073 3248 locum
1085 3207 1188 3261 auctor,
1197 3195 1227 3248 in
1236 3212 1290 3267 quo

219 3276 431 3341 Betica,1talia,
448 3275 616 3328 Narbonensi
630 3275 735 3340 Gallis,
776 3274 898 3328 similiter
916 3272 1061 3328 adulterari
1077 3275 1155 3329 thura
1176 3275 1289 3347 scripsit.

219 3355 314 3426 Syria,
336 3358 431 3422 Creta,
450 3353 496 3408 sed
516 3354 544 3407 in
564 3354 732 3409 insulacbio
816 3354 1004 3408 xxxvl1.1.
1024 3354 1136 3408 Ludom
1153 3354 1187 3406 In
1204 3355 1292 3408 offici·

219 3435 370 3506 precipue,
383 3435 412 3487 in
429 3454 482 3506 qua
495 3434 537 3487 vel
550 3435 605 3487 sola
619 3433 733 3505 diligen·
776 3433 818 3486 nis
830 3433 928 3487 retinet
943 3452 1062 3497 nomen,
1081 3431 1155 3504 quod
1168 3434 1198 3486 in
1214 3435 1299 3497 Creu,

220 3525 279 3578 ter,
303 3527 330 3568 et
354 3516 495 3568 mastiches
519 3513 629 3586 quidem
654 3533 733 3567 causa
776 3512 817 3578 fit,
831 3524 897 3566 teste
909 3514 1032 3566 Bellonio
1053 3513 1196 3567 Observat.
1218 3515 1293 3587 I,7;

220 3593 327 3659 colitur,
339 3613 400 3665 quae
412 3613 445 3647 ex
456 3594 536 3648 cultis
548 3594 666 3647 lentiscis
677 3594 732 3647 illio
776 3591 823 3646 sed
830 3592 941 3645 minime
951 3593 1084 3646 sincerum
1089 3590 1158 3645 illud
1166 3593 1293 3666 quidem,

219 3675 254 3726 ab
266 3672 407 3744 indigenis,
419 3675 555 3728 vulnerato
569 3675 661 3738 caule,
675 3673 730 3726 sin·
776 3673 860 3726 immo
874 3672 1010 3727 nullarum
1024 3673 1133 3726 virium.
1153 3672 1250 3728 Hann.

220 3753 288 3826 gulis
304 3753 389 3822 annis,
401 3754 521 3826 diligenti
535 3753 653 3821 adhibita
665 3744 740 3806 cura
818 3772 843 3805 a.
855 3751 954 3806 odora.
965 3751 1146 3808 odoratorum
1155 3752 1296 3818 fruticum,
