2656 4830
151 341 195 412 16
427 343 466 411 C.
491 340 792 413 PLINII'NAT.
816 344 946 413 HIST.
1007 388 1009 393 -

146 472 262 561 rens²,
280 474 381 543 vastis
394 472 594 543 diffunditur
609 475 708 543 ramis
729 502 737 543 ε
757 499 902 568 quorum
925 475 983 543 imi
1003 473 1086 545 adeo
1109 477 1144 545 in
1160 493 1218 549 ter·

147 607 221 650 ram
245 595 448 667 curvantur,
467 594 506 648 ut
527 605 639 650 annuo
662 582 768 675 spatio
794 580 1000 674 infigantur,
1031 607 1215 679 novamque

148 688 209 763 sibi
233 688 453 781 propaginem
471 685 595 756 faciant
616 688 706 760 circa
725 701 897 781 parentem
920 688 955 755 in
976 687 1115 775 orbem,
1143 716 1215 783 quo·

146 793 223 862 dam
240 817 342 888 opere
361 794 513 887 topiario.
534 796 629 862 Intra
647 817 759 888 sepem
778 818 852 862 eam
871 795 1022 862 aestivant
1045 810 1213 888 pastores,

146 924 286 994 opacam
308 901 433 993 pariter
455 914 489 968 et
510 902 671 969 munitam
696 897 782 967 vallo
802 899 947 984 arboris,
969 900 1091 969 decora
1110 905 1214 996 specie

112 1028 126 1062 ²
146 1006 260 1074 subter
284 1008 443 1092 intuenti,
468 1005 647 1100 proculve,
673 1005 837 1076 fumicato
864 1006 1002 1075 ambitu.
1025 1008 1214 1101 Superiores

145 1111 292 1205 ejusdem
309 1113 392 1180 rami
412 1112 447 1180 in
469 1111 636 1181 excelsum
657 1113 817 1199 emicant,
845 1111 966 1181 silvosa
990 1111 1215 1196 multitudiue,

144 1210 246 1288 vasto¹
260 1220 377 1287 matris
395 1203 565 1312 corpore³,
586 1234 625 1288 ut
646 1244 692 1288 ux
710 1204 844 1314 passus⁴
860 1216 1010 1313 plerique
1031 1220 1113 1289 orbe
1132 1219 1216 1291 colli·

142 1455 192 1506 up,
205 1433 378 1487 similitudine
393 1433 448 1487 fici.
463 1434 656 1488 titan-Fr·-
703 1433 829 1499 diffusae,
856 1434 1029 1505 procerisque
1055 1447 1082 1488 et
1108 1434 1137 1488 in
1163 1437 1216 1490 exi·

10 1543 16 1553 ·
92 1550 97 1556 -
143 1535 184 1566 cus
207 1515 256 1579 tbi,
278 1527 327 1567 etc.
348 1514 423 1565 Ficus
441 1515 555 1582 religiosa
575 1513 655 1565 Liun.
702 1514 784 1567 miam
804 1512 973 1566 altitudinem
989 1514 1066 1567 editis
1079 1516 1216 1570 arboribus

82 1627 85 1635 ι
143 1584 657 1664 (Dieuctriandgeu.2193,Pers.Urtic.
702 1594 856 1645 umbrosas:
883 1593 1005 1665 plerique
1031 1595 1114 1660 romi,
1135 1596 1215 1649 instar

141 1665 224 1741 Juss.)
238 1676 337 1726 Totum
354 1674 427 1725 hunc
448 1673 537 1724 locum
561 1672 659 1725 Noster
702 1673 855 1742 ingentium
874 1672 1014 1743 stipitum,
1033 1672 1095 1727 flexi
1116 1673 1144 1727 in
1165 1676 1216 1729 bu·

142 1767 280 1807 mutuatus
295 1766 333 1806 est
353 1771 368 1804 a
387 1752 590 1823 Theophrasto,
611 1752 657 1821 qui
700 1770 905 1817 mum,rursus,
918 1771 970 1824 qua
988 1772 1015 1805 se
1028 1768 1214 1821 curvaverant,

141 1835 263 1887 omnium
272 1831 471 1902 diligentissime
480 1833 603 1884 arborem
612 1830 659 1883 de·
701 1832 870 1902 erigebantur
881 1831 949 1885 adeo
971 1827 1037 1895 (scil.
1053 1853 1083 1884 er
1099 1853 1162 1886 noua
1174 1855 1213 1887 rs·

141 1914 266 1984 scripsit:
284 1912 326 1964 his
338 1912 393 1963 lere
406 1912 502 1964 similia
514 1930 558 1981 ap.
569 1912 657 1963 Strab.
701 1905 780 1978 dice),
794 1926 824 1965 ut
837 1913 937 1982 species
950 1925 1017 1965 esset
1031 1932 1086 1965 non
1099 1914 1168 1966 rami
1177 1934 1216 1968 re·

142 1993 296 2063 Geograph.
318 1992 420 2043 lib.V:
446 2017 457 2038 ι
470 1990 547 2044 ludia
562 1991 658 2044 multas
700 1992 841 2063 surgentis,
854 1991 901 2044 sed
912 1992 1014 2044 arboris
1026 2011 1059 2044 ex
1071 2011 1119 2047 sua
1127 1991 1216 2047 radice

142 2073 253 2143 quidem
265 2071 433 2124 admirabiles
444 2071 497 2123 fert
508 2071 627 2132 arbores,
644 2089 659 2123 e
701 2084 839 2142 generate.
848 2097 859 2118 a
871 2069 935 2124 vid.
946 2072 1023 2125 Curt.
1034 2073 1091 2129 IX,
1106 2091 1131 2139 1,
1142 2085 1161 2126 t.
1175 2074 1213 2140 Il,

142 2152 242 2223 quibus
255 2164 310 2215 est,
325 2152 401 2220 cujus
419 2151 487 2203 rami
504 2149 538 2203 ad
558 2163 658 2203 terram
701 2169 761 2222 pag.
776 2171 830 2222 ²77
846 2163 873 2203 et
886 2153 940 2220 278
953 2150 1017 2204 edit.
1028 2164 1137 2205 nostre.
1154 2153 1204 2206 En,

142 2230 332 2303 propendent,
349 2231 421 2282 foliis
435 2249 490 2282 non
509 2229 659 2282 minoribus
744 2250 770 2284 a.
784 2234 842 2301 Ipsa
853 2251 879 2282 se
889 2250 979 2301 semper
987 2251 1080 2295 serens,
1089 2244 1140 2286 etc.
1149 2233 1211 2297 Qua

143 2313 247 2382 clypeo.
256 2311 420 2364 Onesicritus
429 2310 660 2379 curiosiuseaper·
701 2311 753 2364 hoc
781 2309 868 2383 capite
890 2312 1077 2374 continentur,
1103 2311 1210 2365 totidem
1253 2314 1255 2351 2

144 2410 271 2463 sequens,
293 2410 353 2461 quaa
377 2402 438 2443 sunt
458 2390 486 2441 in
507 2388 657 2454 Musicana,
701 2390 790 2443 verbis
802 2402 905 2442 exstant
916 2391 1172 2460 apudTheopltrast.
1184 2393 1208 2452 Ι,

143 2484 215 2524 terra
239 2469 325 2522 Indiae
349 2469 551 2534 australissima,
578 2470 661 2522 refert
706 2489 758 2536 1²3
775 2471 889 2522 maxime
900 2488 964 2522 vero
975 2471 1026 2535 IV,
1039 2470 1209 2524 5.Ha1tn.-

143 2553 251 2604 arbores
261 2547 388 2620 quasdam
402 2550 522 2618 ingentes
534 2567 588 2600 esse
597 2567 660 2620 qua·
701 2549 794 2619 Margo
807 2550 915 2602 Varior.
936 2568 1010 2619 poma
1025 2570 1117 2620 semper
1129 2552 1208 2618 serens

142 2650 204 2683 rum
218 2631 302 2695 rami,
315 2649 399 2700 quum
413 2627 448 2681 ad
461 2627 599 2682 duodenos
612 2647 659 2681 cu·
700 2629 981 2696 uastisdifsuudit.ram.
996 2649 1095 2701 quorum
1105 2631 1207 2703 pondera
1253 2626 1255 2679 l

142 2711 213 2764 bitos
226 2710 404 2769 excreverint,
425 2709 559 2781 reliquum
572 2710 658 2761 incre·
701 2708 771 2773 adeo,
786 2721 834 2761 etc.
851 2711 903 2762 Eu.
929 2716 932 2721 '
1253 2774 1255 2785 Ι

142 2804 261 2843 mentum
287 2808 404 2860 pronum
427 2789 541 2853 faciant,
563 2787 659 2841 deflexi
742 2789 767 2840 3.
785 2787 875 2839 Matris
888 2808 992 2858 corpore.
1008 2788 1118 2861 Stirpis,
1136 2803 1207 2844 trun·

143 2888 284 2941 quousque
292 2883 390 2922 terram
400 2869 556 2937 contingant
563 2884 571 2930 ;
585 2866 659 2919 dein·
701 2867 768 2920 cive.
778 2867 820 2919 Sic
827 2869 902 2938 Virg.
916 2867 1013 2939 Georg.
1024 2871 1061 2933 ΙΙ,
1076 2869 1111 2922 23
1123 2889 1131 2923 ε
1144 2898 1155 2919 ι
1163 2869 1206 2922 Hic

142 2949 176 3003 de
186 2962 285 3002 terram
294 2950 406 3000 subeant
414 2966 445 2999 ac
454 2946 560 2998 radices
569 2958 657 3016 agant,
700 2946 803 3017 plantas
821 2960 914 3000 tenero
939 2947 1078 3002 abscidens
1100 2948 1134 3002 de
1155 2968 1206 3003 cor·

142 3029 226 3083 veluti
249 3026 392 3090 traduces3
415 3044 478 3077 mox
499 3045 591 3077 rursus
612 3044 658 3077 ex·
700 3045 766 3097 pore
778 3041 894 3079 matrum
913 3028 1042 3099 Deposuit
1056 3029 1151 3095 sulcia
1169 3028 1207 3081 bic

143 3122 203 3161 eant
228 3108 256 3158 in
280 3119 422 3169 truncum,
439 3124 494 3176 quo
516 3118 658 3177 postquam
700 3108 793 3178 stirpes
805 3108 969 3171 obruit,etc.
984 3133 994 3154 ι
1011 3108 1103 3162 Haut).

143 3188 211 3242 aucti
222 3186 337 3250 fuerint,
349 3184 443 3238 eodem
457 3184 539 3237 modo
551 3184 658 3237 flectan-
741 3193 768 3249 4.
786 3187 821 3238 Ut
832 3188 887 3238 LX
893 3207 960 3257 pass.
969 3188 1078 3261 plerique
1089 3186 1206 3240 orbe'eol·

142 3281 196 3333 tur,
207 3281 233 3320 et
246 3266 324 3318 aliam
340 3265 513 3336 propaginem
527 3265 657 3332 efficiant,
700 3267 786 3335 ligant.
798 3267 876 3319 Rami
888 3267 987 3320 scilicet
999 3269 1027 3320 in
1044 3269 1139 3321 orbem
1149 3266 1205 3321 tusi.

140 3365 285 3418 rursusque
300 3347 395 3408 aliam,
408 3358 438 3397 ut
449 3346 483 3397 ab
496 3364 547 3398 una
562 3344 657 3398 arbore
698 3347 739 3399 Ita
765 3346 842 3398 MSS.
861 3365 954 3399 omnes
976 3349 1040 3418 neg.
1063 3349 1141 3402 Colb.
1158 3359 1205 3400 etc.

140 3429 251 3498 longum
275 3424 462 3479 umbraculum
481 3426 541 3490 fiat,
567 3427 656 3478 taber·
699 3423 1206 3499 Credibiliusidnimirum‚quamquod

140 3507 237 3560 noculo
261 3507 353 3558 multis
376 3505 507 3558 columnis
532 3505 656 3557 innitenti
699 3506 878 3577 Theophrast.
896 3506 932 3559 ait
947 3507 997 3559 loc.
1012 3509 1058 3559 cit.
1074 3508 1116 3560 vel
1133 3508 1206 3561 unias

140 3588 235 3639 simile.
251 3611 262 3631 ι
279 3586 373 3639 Ficum
388 3583 504 3637 indicam
518 3585 653 3637 licetobs·
696 3585 813 3638 caudicis
838 3585 1037 3639 crassitudinem
1066 3606 1100 3639 ux
1127 3606 1205 3658 saepe,

140 3667 240 3721 curiori
253 3664 352 3729 modo,
365 3665 429 3716 item
442 3664 601 3735 significasse
614 3665 653 3717 vi·
696 3684 730 3717 xr.
739 3665 858 3718 crebrius
877 3685 967 3736 passus
982 3684 1086 3737 aequare
1099 3684 1107 3719 ε
1121 3665 1163 3720 uui
1181 3666 1207 3718 ri

139 3744 219 3799 detur
231 3745 339 3798 Curtius
348 3744 395 3796 lib.
407 3745 463 3808 IX,
473 3763 496 3797 c.
510 3763 538 3796 1:
558 3771 570 3792 ι
580 3744 651 3797 Hinc
696 3746 777 3812 πάχος
795 3751 838 3798 τοῦ
855 3749 969 3814 :eligius
992 3747 1044 3798 ἔνια
1057 3747 1172 3801 castium
1191 3745 1207 3802 tl

137 3827 210 3879 Poro
218 3843 348 3896 amneque
361 3814 507 3894 (Hydaspe)
518 3838 650 3895 superato,
697 3824 813 3887 ἑξήκοντα
828 3827 960 3896 βημάτων,
978 3825 1010 3880 τὰ
1019 3823 1049 3878 <li
1059 3825 1142 3879 πολλὰ
1152 3846 1207 3879 raa·

137 3905 172 3959 ad
180 3905 310 3959 interiora
320 3903 405 3957 Indiae
418 3905 556 3974 processit.
575 3904 652 3957 Silvae
697 3906 847 3974 ταράκοντα.
860 3906 1019 3978 Quanquam
1031 3925 1086 3959 non
1096 3926 1157 3959 sum
1165 3925 1211 3960 ne·

136 4000 213 4039 eraut
224 4004 309 4056 prope
322 3986 350 4036 in
363 3985 523 4036 immensum
539 3984 653 4054 spatium
698 3985 765 4035 scius
788 3998 814 4037 et
834 3984 931 4055 pedem
956 3988 1026 4057 βῆμα
1041 3986 1209 4057 significare:
