2656 4830
210 112 259 201 oa
333 90 337 99 ’
483 112 850 186 crunnum.
875 115 1007 186 msa.

211 272 370 344 cupresso
388 245 468 317 fusce
490 233 667 335 similem³,
690 245 847 317 exalbidis
872 249 991 336 ramis,
1007 246 1151 342 jucundi
1168 249 1307 327 odoris

212 378 402 435 accensam,
417 367 541 422 etcum
552 351 713 423 miraculo
728 341 892 424 historiis⁴
906 352 1037 423 Claudii
1050 356 1190 427 Caesaris
1202 382 1304 453 μω·

211 461 364 531 dicatam.
385 457 476 528 Folia
494 459 564 553 ejus
586 461 776 554 inspergere
797 459 988 554 potionibus
1006 461 1149 531 Parthos
1169 464 1296 545 tradit,

213 567 360 636 Odorem
388 590 457 634 esse
483 566 672 659 proximum
701 565 821 652 cedro,
843 565 1041 660 fumumque
1060 567 1132 661 ejus
1162 583 1290 642 contra

212 659 325 768 ligna⁵
351 670 415 741 alia
439 671 595 741 remedio.
618 670 775 741 Nascitur
787 670 876 740 nltra
892 660 1091 766 Pasitigriu⁶
1106 675 1143 742 iu
1160 674 1288 749 linibus

212 778 327 873 o'ppidi
342 779 473 847 Sittacae
488 778 523 844 in
545 791 661 846 monte
675 780 794 872 Zagro.

180 917 191 950 t
265 887 338 952 XL.
351 886 474 953 Petunt
488 897 522 952 et
533 884 568 950 in
586 885 770 953 Carmanos
788 883 942 954 arborem
958 883 1130 954 strobum¹
1151 885 1196 957 ad
1213 889 1278 958 sul·

212 992 308 1079 fitus,
317 989 484 1084 perfusam
500 990 578 1058 vino
591 987 723 1083 palmeo
737 990 964 1060 accendentes.
978 992 1087 1085 Hujus
1100 991 1186 1062 odor
1197 993 1277 1065 redit

213 1123 234 1167 a
248 1097 387 1166 cameris
405 1095 447 1163 ad
466 1093 573 1164 solum
588 1095 771 1189 jucundus,
788 1095 845 1165 sed
859 1121 1044 1191 aggravans
1057 1099 1184 1192 capita,
1200 1101 1273 1170 citra

213 1202 362 1273 dolorem
381 1216 502 1270 tamen.
523 1204 596 1270 Hoc
616 1226 771 1270 somnum
796 1204 891 1297 aegris
911 1216 1075 1297 quaerunt.
1101 1207 1162 1276 His
1189 1229 1272 1275 corn·
1309 1192 1314 1211 ⁸

214 1311 344 1379 merciis
369 1305 533 1379 Carrhas²
555 1307 715 1402 oppidum
736 1332 912 1402 aperuere,
938 1309 1029 1403 quod
1046 1323 1098 1380 est
1115 1309 1179 1382 illis
1196 1337 1269 1382 uun·

214 1417 379 1486 dinarium
387 1399 409 1481 ³.
428 1412 511 1482 Inde
522 1399 693 1482 Gabbam⁴
708 1438 823 1483 omnes
841 1429 954 1508 petere
971 1413 1137 1506 solebant,
1154 1417 1268 1488 diemrn

215 1607 288 1658 Pers.
306 1602 413 1669 Corrifer.
431 1591 522 1669 Juss.)
537 1599 611 1667 Quid
627 1600 725 1655 dehac
768 1603 923 1674 frequenter
938 1605 1056 1660 botanici
1069 1607 1160 1661 Patres
1172 1608 1268 1683 cespita-

215 1687 306 1757 planta
321 1682 421 1736 dicturi
434 1699 540 1747 sumus,
554 1680 609 1734 vid.
624 1679 658 1735 ad
676 1682 725 1736 lib.
769 1684 874 1749 verint,
889 1703 972 1755 quum
986 1685 1083 1739 nostris
1097 1688 1179 1743 etiam
1190 1688 1268 1744 diebus

216 1765 327 1828 XXIV,
340 1780 398 1833 cap.
413 1764 459 1814 61.
474 1762 527 1813 En.
609 1812 613 1817 .
772 1763 885 1815 minime
905 1776 1006 1818 constet
1022 1763 1095 1818 unde
1110 1768 1269 1826 usitatissima

260 1845 287 1897 3.
302 1843 420 1913 Cupresso
430 1841 505 1908 sasoe.
517 1839 729 1899 Pumilioni,at-
772 1860 815 1894 res
835 1843 940 1908 multas,
956 1845 1046 1898 multis
1066 1846 1166 1900 abhinc
1181 1847 1270 1902 seculis

218 1942 271 1996 que
295 1922 324 1975 in
347 1919 514 1974 latitudinem
543 1921 625 1990 magis
650 1920 729 1987 lusu,
773 1921 1270 1993 inEuropamadvebantur,e.c.kiuo,

220 2021 301 2075 quam
316 2000 344 2052 in
356 2000 470 2053 sublime
483 2001 564 2053 elatas.
576 1998 668 2053 Hann.
773 1998 907 2054 bdellium
915 2039 923 2067 ,
931 2004 1054 2074 myrrha,
1065 2017 1117 2059 etc.
1128 2006 1181 2072 ita,
1189 2005 1273 2080 utqui-

261 2079 499 2146 4.Hist0riis.Quas
508 2077 634 2132 Claudius
644 2080 730 2132 Caesar
774 2081 825 2133 bus
842 2100 873 2133 ex
888 2082 1028 2135 arboribus
1047 2086 1220 2155 proveniant,
1231 2104 1274 2159 qua

220 2161 337 2233 scripsit,
353 2172 383 2213 ut
399 2157 514 2213 diximus
533 2160 562 2212 in
583 2162 731 2212 Auctorum
775 2160 803 2211 in
813 2161 922 2230 regione
935 2164 1274 2228 crescant,virireiberltt·

221 2240 322 2295 Indice.
337 2239 430 2292 Hanu.
774 2239 821 2292 ria
831 2240 982 2310 peritissimi
994 2255 1068 2295 certo
1077 2243 1122 2296 vix
1132 2243 1232 2300 indicio
1240 2244 1276 2300 de·

264 2320 290 2374 5.
308 2320 400 2373 Contra
412 2319 488 2388 ligna.
505 2319 628 2385 Quorum
644 2317 731 2388 gravis
774 2331 931 2372 monstrent.
953 2322 994 2372 De
1013 2322 1104 2375 strobo
1123 2324 1194 2379 nihil
1213 2323 1277 2399 apud

222 2399 402 2470 exitiosusque
412 2397 501 2450 fumus
515 2416 522 2450 :
534 2410 565 2451 ut
577 2408 640 2451 sunt
647 2397 731 2468 ipsius
774 2397 1009 2469 Theophrastum,
1018 2401 1086 2453 nihil
1094 2401 1169 2474 apud
1179 2404 1279 2459 Diosco-

222 2477 587 2550 myrrbrasarrnenta.Hssn.
775 2475 861 2530 ridem
872 2478 1031 2532 invenimus.
1042 2479 1095 2533 En.
1229 2526 1234 2534 .

264 2562 292 2613 6.
304 2559 448 2627 Pasitigris.
465 2557 506 2608 De
525 2555 663 2626 Pasitigri,
681 2555 736 2621 sii<
818 2575 844 2608 a.
868 2557 984 2610 Carrhas.
1002 2559 1280 2631 Mesopotamenos

222 2652 280 2693 tace
288 2651 316 2692 et
327 2641 427 2708 Zagro,
440 2637 494 2694 VI,
512 2635 559 2688 3«.
570 2636 660 2687 Hann.
776 2636 895 2700 Arabia,
905 2635 1041 2691 utdictum
1050 2652 1089 2692 est
1096 2641 1131 2706 V,
1141 2661 1187 2696 ιι.
1195 2643 1280 2697 flua.
1315 2646 1317 2653 '

263 2719 320 2770 XL.
339 2737 363 2770 1.
375 2715 495 2768 Strobum.
506 2715 539 2766 In
550 2711 639 2766 indice
652 2714 733 2784 hujus
818 2716 844 2767 3.
865 2716 1055 2772 Nundrbari'um.
1076 2719 1212 2776 Nundinis
1234 2723 1282 2777 lra-

223 2797 300 2862 libri,
318 2814 348 2848 ex
363 2794 440 2847 MSS.
460 2793 598 2859 omnibus,
612 2791 732 2847 Stobram.
761 2813 861 2866 .quens
874 2814 905 2848 ae
917 2797 1029 2850 celebre.
1044 2799 1111 2852 Dan.
1130 2831 1172 2844 —
1190 2803 1226 2856 Et
1239 2803 1282 2857 lib.

223 2873 733 2939 Hann.-'-Quaesitstrobusarbor,non
777 2874 858 2940 VIII,
874 2894 933 2946 cap·
949 2894 1004 2947 77:
1025 2902 1037 2925 ι
1048 2877 1137 2930 forum
1155 2880 1283 2937 nundina·

223 2954 300 3008 facile
310 2953 555 3024 dignoscas3quum
566 2964 656 3004 notam
666 2970 734 3024 pras·
775 2953 860 3020 rium,
877 2980 889 3002 ι
914 2953 996 3009 dixit:
1017 2983 1029 3005 ι
1043 2957 1137 3028 epulus
1154 2960 1285 3015 nundina·

225 3048 266 3087 ter
277 3034 384 3105 patriae,
394 3031 509 3096 nullam,
522 3043 551 3083 ut
561 3031 616 3083 fere
627 3033 694 3085 solet
703 3033 732 3083 in
776 3033 841 3099 rias,
851 3059 861 3080 ι
872 3034 1018 3105 Ulpianus:
1026 3036 1143 3106 Plautus,
1151 3065 1163 3088 ι
1172 3059 1284 3114 coquum
1309 3070 1312 3079 ·

225 3113 354 3178 exoticis,
378 3110 480 3164 arboris
505 3111 608 3162 nomini
630 3111 733 3164 Plinius
775 3112 978 3168 nundinalem.»
996 3116 1087 3169 Hann.

224 3191 350 3265 adjungat
370 3210 376 3242 :
397 3190 461 3252 nisi,
483 3187 556 3261 qnod
577 3188 612 3242 ad
628 3191 733 3244 suffitus
819 3193 916 3257 Made
925 3193 1046 3250 Gabbam.
1055 3197 1096 3251 Ita
1108 3198 1174 3252 libri
1183 3218 1285 3267 omnem

224 3270 515 3341 faciendospetebatur,
527 3267 590 3322 inde
599 3269 733 3342 quoddam
778 3270 813 3324 de
825 3291 869 3337 ea,
883 3274 920 3339 V,
938 3277 987 3339 163
1001 3272 1035 3327 de
1047 3276 1187 3333 Palaestina
1197 3279 1288 3354 Syria,

224 3351 260 3405 ad
278 3369 363 3422 genus
382 3350 550 3417 Com'serarum
569 3368 626 3403 eam
652 3349 734 3421 perti·
778 3369 838 3423 cap.
853 3359 904 3418 14⁴3
913 3351 947 3405 de
954 3354 1134 3423 CharaceVI,
1145 3359 1288 3414 31.Hero·

225 3431 314 3484 nuisse
332 3428 465 3501 conjicias.
488 3430 619 3482 Caeterum
634 3429 682 3482 ubi
700 3427 735 3481 de
778 3429 834 3484 dot.
844 3431 893 3484 lib.
904 3433 960 3499 III,
975 3435 1087 3503 Thalia,
1100 3455 1128 3507 p.
1141 3457 1193 3491 ans
1207 3431 1290 3513 :·dps'

225 3511 322 3583 plantis
334 3508 442 3562 exoticis
457 3507 557 3578 agitur,
573 3507 735 3562 iudicatione
779 3507 826 3563 Gen
837 3507 867 3564 dl
877 3514 945 3581 χῖΑια
956 3516 1069 3568 τάλαντα
1082 3519 1175 3586 ἀγίνιον
1184 3517 1290 3574 tibare-

226 3591 318 3660 patriae
335 3587 404 3640 nihil
425 3586 497 3659 apud
516 3588 628 3641 Veteres
648 3589 735 3641 incer·
779 3596 821 3643 τοῦ
844 3591 892 3645 ἀνὰ
914 3596 965 3646 πᾶν
994 3595 1057 3656 (τος.
1083 3596 1168 3651 Dario
1192 3618 1291 3672 nempe

225 3669 288 3723 tius.
303 3669 344 3722 Ne
353 3666 458 3720 mireris
470 3680 557 3722 tamen
568 3667 642 3738 quod
653 3668 682 3720 in
692 3687 735 3721 ar·
779 3669 919 3724 Persarum
940 3672 997 3744 regi
1013 3672 1042 3727 id
1061 3677 1176 3748 vectigal
1192 3679 1293 3734 Arata

224 3749 334 3804 boribus
342 3748 484 3818 herbisque
495 3746 674 3802 describendis
682 3760 736 3801 tarn
779 3749 954 3820 pensitabant.
968 3754 1058 3808 Hann.
