2656 4830
200 352 248 423 ab'
477 356 515 422 C.
539 355 708 423 PLINII
734 355 843 424 NAT.
869 354 999 421 HIST.

199 500 250 555 est
261 499 373 553 autem
382 483 448 553 mel
467 487 501 554 in
515 486 733 555 arundinibus
747 484 922 555 collectum
931 483 954 572 ²,
968 483 1154 579 gummium
1173 484 1279 553 modo

198 591 397 678 candidum,
414 591 569 661 dentibus
588 592 723 687 fragile,
738 591 977 687 amplissimum
997 592 1092 660 nucis
1114 590 1279 660 avellanae

200 697 445 792 magnitudine,
464 698 507 766 ad
528 699 699 769 medicinae
719 712 848 768 tantum
866 723 974 766 usum.
1032 753 1036 765 .

201 859 340 914 arundinis
350 861 432 932 ipsius
446 862 544 914 humor
557 861 655 929 dulcis,
666 862 713 915 Se·
759 861 793 914 lis
806 861 927 914 concreti
947 860 1061 931 speciem
1081 876 1132 930 per
1151 859 1277 931 genicula

200 958 266 994 neca
285 940 455 1007 subdubitat,
470 944 547 1011 epist.
563 944 610 997 85.
622 944 715 1014 Ipsum
759 942 1010 1012 transsudare‚que
1019 940 1174 995 saccharum
1181 941 1276 993 verum

201 1039 291 1074 rorem
305 1039 372 1086 esse,
386 1041 467 1093 quern
477 1023 516 1074 sol
530 1023 558 1073 in
575 1021 715 1075 arundini·
759 1024 889 1075 Veterum
912 1021 1001 1073 fuerit.
1018 1020 1127 1075 Confer.
1144 1020 1246 1073 Christ.
1261 1039 1276 1073 a

202 1101 254 1153 bus
268 1114 358 1170 cogat,
377 1099 409 1152 ad
427 1100 629 1155 similitudinem
641 1103 715 1166 salis,
760 1102 855 1168 Costa,
866 1101 965 1155 Hister.
975 1103 1066 1152 Arom.
1077 1102 1103 1152 6.
1116 1099 1208 1152 Nostri
1222 1119 1276 1152 sac·

200 1180 340 1250 mellisque
366 1179 554 1246 dulcedinem,
581 1180 716 1235 affirmant
759 1182 848 1245 chari,
863 1201 878 1234 e
893 1180 1071 1251 conquassatis
1090 1179 1201 1231 sauciari
1218 1180 1275 1233 cul·

202 1259 340 1324 Galenus,
358 1260 391 1314 de
408 1261 468 1312 Fac.
488 1261 566 1331 simp.
579 1260 651 1313 med.
667 1262 715 1314 lib.
760 1261 810 1315 mis
833 1261 968 1333 expressi,
991 1259 1132 1329 vestigium
1154 1258 1274 1330 primum

201 1339 271 1405 vl1,
299 1357 361 1410 pag.
387 1358 450 1413 ²⁰73
470 1340 575 1394 Oribas.
596 1341 643 1394 lib.
665 1343 716 1407 XI,
758 1341 890 1395 invenisse
919 1341 988 1392 mihi
1017 1336 1113 1392 videor
1137 1338 1166 1390 in
1192 1339 1275 1392 Mosis

201 1418 249 1472 fol.
278 1418 353 1484 205,
380 1421 427 1472 ubi
456 1421 599 1473 Marcoron
622 1436 715 1484 vocat;
760 1420 938 1473 Chorenensis
961 1420 1105 1491 geograph.
1135 1416 1273 1471 Armenio.

201 1499 277 1552 Alex.
292 1499 413 1569 Aphrod.
430 1499 458 1551 in
472 1501 609 1553 Problem.
624 1513 652 1552 et
666 1503 715 1553 Isi·
759 1519 819 1571 pag.
838 1500 911 1565 364,
927 1501 974 1570 qui
992 1499 1024 1552 ad
1048 1497 1274 1569 Gondisaporam,

202 1576 263 1630 dor.
276 1577 352 1651 Orig.
366 1581 462 1643 XX,a.
475 1580 514 1632 Ex
528 1579 622 1632 iisdem
634 1599 715 1632 arun·
760 1580 892 1651 Euphrati
923 1577 1105 1652 adjacentem,
1140 1578 1275 1647 optimum

202 1656 324 1723 dinibus,
337 1658 435 1730 quibus
447 1672 474 1711 et
487 1673 606 1711 nostrum
620 1660 718 1730 excipi·
761 1659 814 1712 coli
827 1660 981 1712 saccharum
999 1659 1124 1712 affirmat.
1144 1658 1239 1723 Quum
1255 1658 1276 1710 is

202 1749 262 1803 tur,
283 1739 357 1791 senio
377 1738 517 1800 conlectis,
532 1738 658 1809 lacrymae
672 1759 717 1792 seu
760 1739 874 1811 scriptor
887 1739 983 1793 saeculo
996 1740 1092 1810 quinto
1104 1735 1195 1791 medio
1205 1738 1275 1791 vixe·

203 1818 306 1889 gummi
322 1816 404 1869 modo
419 1816 543 1878 effluere,
561 1837 591 1871 ac
606 1837 717 1871 concre·
759 1819 811 1884 rit,
832 1832 893 1871 ante
913 1818 971 1872 haee
989 1831 1111 1889 tempora
1127 1817 1185 1869 solo
1197 1817 1276 1869 melle

202 1915 292 1961 scere,
309 1916 379 1949 unus
399 1894 512 1949 credidit
527 1898 671 1950 Saracenus
688 1898 716 1950 in
759 1897 807 1950 illo
822 1898 956 1950 bambnsae
975 1909 1099 1950 concreto
1122 1897 1275 1950 utebantur.

202 1973 319 2028 notisatl
335 1977 426 2028 Diosc.
446 1974 537 2049 Hanu.
556 1974 717 2052 -7-Saeclra·
761 1975 884 2029 Saraceni
908 1976 937 2028 id
951 1977 984 2029 ab
1007 1977 1144 2049 Euphrate
1165 1974 1275 2028 demum

203 2075 247 2107 ron
260 2055 384 2109 etArabia
391 2057 609 2122 fert‚ete.Diosc.
621 2057 668 2109 lib.
679 2058 718 2121 Π,
761 2056 883 2127 Cyprum
909 2069 935 2109 et
957 2055 1088 2109 Graeciam
1112 2068 1275 2126 transporta·

203 2153 261 2205 cap.
283 2141 334 2198 rori
348 2154 355 2189 :
369 2132 493 2188 Κάλεῖται
514 2134 545 2188 da'
559 2159 582 2190 τι
596 2135 638 2189 καὶ
655 2157 717 2188 σακ-
760 2130 824 2188 runt
836 2126 847 2201 (
857 2137 982 2206 Bongars.
993 2148 1063 2206 gesta
1074 2135 1123 2187 Dei
1132 2154 1181 2207 per
1194 2134 1276 2187 Fran·

202 2234 276 2283 χαρον
296 2210 361 2276 iidoc
384 2216 408 2267 ὃν
430 2217 527 2286 μελιτος
546 2218 569 2268 iv
585 2207 656 2285 lvdie
674 2237 719 2268 πε·
761 2234 806 2268 cos
823 2217 859 2278 ll,
879 2205 954 2284 270.)
972 2215 1049 2267 conf.
1063 2213 1096 2267 de
1110 2215 1189 2268 melle
1200 2215 1277 2267 bam·

202 2295 328 2364 πηγότος,
346 2293 387 2346 καὶ
403 2301 436 2364 τῇ
455 2290 583 2366 abdaiprcvt
600 2288 716 2367 Ᾰραίίᾳ,
761 2295 833 2348 busae
845 2294 913 2346 Phil.
931 2294 1023 2347 Russel
1040 2295 1067 2346 in
1078 2294 1172 2348 Ptitos.
1186 2296 1277 2353 Trous·

203 2374 369 2445 εὑρισκόμενον
381 2377 422 2428 ἐπὶ
438 2382 485 2427 τῶν
498 2380 615 2447 καλάμων
630 2379 662 2442 τῇ
675 2396 717 2428 συ·
761 2387 809 2427 aet.
835 2375 954 2438 LXXX,
981 2374 1067 2443 273.»
1092 2374 1172 2428 Cous.
1196 2375 1277 2427 etiam

203 2473 275 2512 ςασει
288 2454 353 2507 ἁλσί.
371 2453 508 2506 Nearchus
521 2454 593 2527 apud
607 2454 717 2507 Strabo·
761 2452 827 2507 Bod.
839 2454 957 2525 aStapcl.
967 2466 1024 2507 not.
1036 2454 1065 2505 in
1076 2454 1215 2525 Theopbr.
1226 2454 1276 2520 IV,

202 2551 278 2597 nem,
297 2533 344 2586 lib.
360 2534 431 2587 XV:
448 2534 535 2604 Eipuae
553 2531 583 2586 di
603 2535 645 2589 καὶ
662 2535 717 2605 περὶ
764 2553 797 2587 12
806 2573 814 2599 ‚
830 2533 927 2587 ubido
946 2534 995 2586 hac
1008 2552 1038 2586 re
1049 2533 1180 2587 fusissime
1192 2530 1277 2587 disse·

203 2620 251 2664 τῶν
263 2614 433 2684 καλάμων“ὅτι
444 2619 540 2666 ποιοῦσι
553 2616 621 2686 μέλι,
631 2621 717 2685 μελισ·
760 2615 805 2666 rit.
821 2614 874 2667 En.

203 2700 252 2744 σῶν
266 2693 300 2764 μὴ
317 2696 404 2747 οὐσῶν.
427 2695 507 2746 Hisce
531 2694 718 2747 etestimoniis
803 2713 829 2747 a.
843 2694 892 2747 Est
905 2706 984 2746 autem
996 2694 1044 2745 mel
1057 2692 1215 2746 arundinibus
1225 2694 1275 2746 col·

201 2772 235 2826 cl.
249 2772 406 2839 Srnsnonn,
418 2772 516 2828 Bodaeo
529 2775 640 2845 aliisque
650 2794 717 2847 prae·
760 2774 855 2826 lectum.
875 2774 936 2827 Non
951 2773 1035 2834 dixit,
1059 2794 1089 2824 ea
1104 2772 1273 2826 arundinibus.

203 2853 343 2919 euntibus,
354 2852 424 2906 nihil
441 2853 517 2906 aliud
534 2873 588 2906 csse
609 2854 717 2906 saccha·
760 2853 842 2905 Aliud
858 2866 945 2907 tamen
968 2853 1085 2906 sacchari
1107 2872 1191 2924 genus
1208 2854 1275 2916 tuit,

201 2952 259 2985 rurn
275 2934 405 2986 Veterum
424 2934 610 3004 pronuntiavit
637 2951 716 3002 quam
761 2932 833 3005 apud
845 2934 988 3004 Antiquos,
998 2953 1030 2985 ex
1038 2933 1102 3005 ipsis
1112 2928 1274 2987 arundinum

201 3012 313 3064 Bambon
324 3013 510 3065 aruudaeiraceam
522 3006 607 3074 (Hac.
621 3032 716 3082 monog.
761 3012 896 3066 radicibus
919 3032 1086 3087 expressum,
1107 3026 1137 3065 ut
1152 3013 1190 3066 ait
1207 3012 1272 3067 Soli·

200 3092 273 3145 Pers.
282 3111 342 3162 gen.
353 3095 416 3163 871.
428 3092 575 3144 Bambmam
587 3092 718 3143 crustulae·
761 3113 830 3158 nus,
843 3113 885 3147 mr
895 3113 903 3157 ;
914 3106 940 3146 ct
953 3093 1077 3147 Lucanus
1089 3092 1141 3156 ΙΠ,
1155 3111 1194 3146 vs.
1208 3092 1273 3162 ²37²

201 3191 279 3238 ceam,
293 3172 395 3227 Willd.
419 3172 531 3224 Gramin.
555 3160 651 3239 Juss.)x
663 3169 717 3224 Sed
762 3173 895 3243 «Quique
915 3174 1012 3225 bibunt
1032 3187 1123 3226 tenera
1136 3169 1229 3226 dulces
1243 3172 1273 3224 ab

202 3251 259 3323 ipsa
281 3252 334 3304 riri
358 3253 439 3305 verba
463 3250 611 3304 exscribere
636 3253 717 3305 satius
761 3251 893 3306 arundine
905 3272 1028 3306 succos.»
1044 3254 1078 3305 Et
1091 3249 1188 3304 Isidor.
1200 3252 1272 3322 Orig.

201 3331 310 3384 fuerit:
340 3332 461 3403 «Liquet
494 3328 573 3395 inde,
604 3346 714 3402 quanto·
761 3334 893 3404 XVII‚7:
910 3330 1081 3398 «InIndicis,
1093 3332 1192 3402 inquit,
1204 3330 1273 3385 nasci

200 3430 264 3483 pere
280 3408 387 3465 differat
412 3410 567 3464 saccharum
583 3411 714 3463 Veterum
761 3411 903 3465 arundines
920 3412 1068 3483 calamique
1081 3408 1224 3478 dicuntur,
1243 3428 1273 3463 ex

201 3503 335 3544 anostro.
358 3490 391 3544 ld
414 3490 493 3544 sensit
526 3491 629 3560 primus
658 3492 714 3544 lere
761 3511 874 3564 quorum
889 3490 1027 3564 ¹radicibus
1043 3508 1194 3562 expressum
1219 3509 1274 3544 sua·

199 3569 360 3635 Manardus,
381 3568 626 3624 contradicentibus
645 3571 713 3623 Mat·
760 3572 897 3625 vissimum
921 3589 1029 3625 succum
1047 3571 1171 3624 bibunt.»
1192 3568 1272 3624 Unde

199 3650 301 3716 thiolo‚
311 3649 451 3703 Mundella
461 3650 582 3721 aliisque.
597 3652 668 3703 Rene
680 3651 712 3702 il·
756 3665 783 3704 et
797 3653 885 3704 Varro
905 3650 957 3703 ait:
970 3676 980 3696 ι
995 3650 1087 3703 Indica
1099 3668 1154 3702 non
1176 3666 1273 3723 magna

199 3730 323 3783 lustravit
333 3731 402 3783 hanc
418 3749 475 3782 rem
487 3730 642 3794 Salmasius,
656 3730 712 3782 Ho·
756 3731 837 3783 nimis
853 3732 949 3784 arbore
967 3731 1061 3784 crescit
1083 3729 1188 3783 arundo
1205 3744 1218 3782 τ’
1237 3730 1272 3782 Il·

199 3829 270 3863 mon.
288 3810 344 3880 hyl.
365 3811 425 3862 iatr.
444 3829 502 3882 pag.
527 3829 588 3879 109.
601 3810 712 3863 Garoias
756 3810 809 3863 lius
835 3829 850 3863 e
876 3810 954 3862 lentis
981 3810 1113 3883 premitur
1134 3808 1272 3864 radicibus

199 3902 300 3949 autem.
312 3889 380 3943 Hist.
394 3893 487 3942 Arom.
501 3892 531 3958 1,
548 3908 592 3956 12,
608 3890 712 3962 primus
756 3889 867 3952 humor,
888 3888 982 3942 Dulcia
991 3890 1035 3943 cui
1046 3903 1179 3962 nequeant
1191 3908 1271 3942 succo

198 3971 254 4022 fere
268 3967 359 4022 docuit
368 3970 528 4059 bambusam
541 3988 632 4023 revera
645 3970 712 4022 mel·
757 3966 905 4022 concedere
914 3968 1000 4022 mella.
1018 3997 1029 4017 ι
1044 3969 1137 4023 Sedet
1152 3966 1271 4024 saccbari
