2656 4830
462 381 622 450 LIBER
645 381 736 448 XII.
1093 378 1139 452 25

89 512 361 605 amurca.‘Lycion
382 512 590 604 aptissimum
610 511 797 596 medicinae,
819 511 911 606 quod
932 525 983 581 est
1001 536 1139 606 spumo-

90 602 168 684 sum⁸.
183 616 270 696 ,Indi
297 618 332 686 in
356 617 487 687 utribus
511 618 731 703 camelorum,
750 633 808 687 aut
832 613 1082 687 rhinocerotum
1102 620 1138 692 id

88 723 209 792 mittunt.
230 725 365 817 Spinam
388 724 493 818 ipsam
515 725 551 793 in
577 725 711 795 Graecia
726 724 860 818 quidam
889 725 1137 819 pyxacanthum

88 827 280 898 Chironium⁹
300 844 433 907 vocant.

123 937 208 1005 XVI.
240 939 285 1006 Et
316 935 439 1006 macir¹
465 962 507 1006 ex
532 937 629 1006 India
648 937 839 1023 advehitur,
864 952 980 1006 cortex
1013 939 1169 1009 rubensr

83 1039 179 1111 radicis
203 1067 354 1136 magnae,
380 1044 515 1114 nomine
539 1044 667 1113 arboris
685 1067 777 1113 suae:
800 1043 906 1137 qualis
930 1045 973 1113 sit
1002 1069 1058 1134 ea,
1085 1047 1135 1114 in-

83 1163 270 1242 compertum
297 1149 415 1219 habeo.
444 1149 605 1220 Corticis²
624 1136 728 1219 melle
744 1149 874 1220 decocti
896 1175 975 1220 usus
1002 1152 1038 1221 in
1067 1176 1136 1221 me·

81 1248 170 1323 dicina
188 1256 231 1323 ad
250 1254 475 1350 dysentericus
495 1258 682 1351 praecipuus
702 1256 855 1324 habetur.
1168 1246 1173 1253 ’

117 1363 227 1430 XVII.
245 1361 455 1432 Saccharon¹
477 1377 511 1431 et
524 1363 646 1432 Arabia
666 1362 749 1450 fert,
768 1361 826 1431 sed
841 1361 1005 1432 laudatius
1019 1364 1134 1434 India:
1157 1393 1169 1429 1

105 1546 129 1598 8.
143 1543 293 1616 Spanrosam.
313 1544 397 1610 Quod
411 1545 467 1616 igni
481 1564 575 1599 accen·
621 1546 744 1616 Propon.
760 1545 915 1616 Dalecamp.
929 1565 960 1596 ea
971 1547 1084 1614 Arabia,
1094 1566 1137 1600 au·

69 1639 133 1690 sum,
151 1623 218 1679 dum
233 1625 417 1696 restinguitur,
435 1626 575 1678 rubentem
621 1639 779 1696 ctoremque
796 1623 909 1677 adducit
934 1625 1135 1694 Dioscoridem;

65 1718 183 1774 spumam
199 1705 294 1765 mittit,
308 1705 395 1776 inquit
415 1705 503 1759 Diosc.
521 1706 573 1758 loc.
620 1718 805 1758 verumtamen
823 1705 852 1756 in
872 1704 962 1757 Diosc.
981 1704 1137 1776 legiturzla

63 1783 105 1837 cit.
118 1796 216 1856 etpost
228 1803 289 1837 eum
303 1785 449 1850 Oribasius,
458 1785 508 1836 lib.
518 1785 575 1849 XI,
619 1791 664 1845 τῆς
680 1782 822 1855 βαρῧάρου,
836 1783 933 1856 quibus
945 1785 1035 1837 verbis
1050 1804 1135 1838 unum

60 1878 119 1937 pag.
133 1869 185 1916 205¹
192 1881 200 1931 ;
214 1864 316 1916 Plinius
327 1864 400 1934 ipse,
409 1864 458 1916 lib.
469 1864 575 1930 XXIV,
620 1862 650 1916 id
660 1864 802 1935 significat,
816 1882 914 1933 nempe
922 1867 950 1917 τὸ
963 1865 1051 1935 Μάκερ
1063 1885 1077 1917 e
1087 1885 1135 1937 pe·

60 1959 107 2014 77,
121 1941 156 1996 de
169 1943 261 2016 lycio:
280 1943 403 2015 «Spuma
416 1945 472 2012 ejus
483 1961 514 1995 ac
524 1941 574 1996 flos
619 1944 725 2014 regrina
748 1956 819 1996 terra
841 1941 954 2008 advehi,
981 1958 1135 2016 quanquam
1247 1950 1248 1954 ’

57 2021 172 2094 quidam
199 2023 339 2075 oculorum
372 2020 575 2076 medicamentis
618 2022 781 2079 hicinsulam
792 2022 917 2092 Gangetis
932 2023 1134 2088 llnvii‚nomine

56 2101 175 2156 additur.
190 2127 201 2148 ι
216 2102 288 2155 Vide
300 2121 358 2173 qna
369 2102 407 2154 ihi
421 2099 520 2154 dicturi
532 2121 575 2155 su·
618 2102 778 2164 Barbarion,
790 2101 934 2155 Saracenus
942 2103 1080 2157 Strabonis
1088 2125 1135 2158 au·

56 2201 126 2237 mus.
141 2181 235 2235 Hsnn.
618 2182 740 2234 ctoritate
746 2183 836 2242 fretus,
845 2182 922 2233 innui
930 2183 1069 2235 existimat.
1079 2187 1133 2238 En.

96 2262 318 2333 9.Pyaacantltum
326 2260 574 2315 ChironiamAEcribe
662 2281 687 2314 a.
711 2261 814 2314 Corticis
840 2261 916 2314 melle.
938 2262 996 2316 Hoc
1019 2276 1057 2315 est
1072 2284 1134 2317 cum

54 2341 389 2404 semininaterminationc,
393 2341 573 2411 pyxacanthon
617 2341 714 2406 melle;
725 2341 761 2394 ita
772 2341 866 2394 Galen.
880 2352 907 2392 et
919 2342 1011 2394 Aetius
1026 2362 1134 2415 quoque

53 2424 199 2475 chironiam.
219 2419 390 2474 Dioscorides
407 2420 573 2492 praeallegato
617 2421 669 2473 loc.
685 2421 732 2473 cit.
750 2421 793 2472 Ab
811 2439 840 2472 ea
852 2420 880 2472 vi
895 2440 996 2474 nomen
1014 2423 1134 2476 arboria

33 2503 132 2557 loco:
153 2502 280 2573 «Lycion
291 2501 365 2574 quod
377 2501 573 2572 pyxacantbam
617 2499 752 2553 Lusitanis
773 2498 890 2561 inditum
911 2502 1003 2556 refert.
1023 2504 1133 2568 Acosta,

53 2582 141 2654 aliqui
154 2595 267 2646 nocant,
283 2581 389 2650 spinosa
402 2581 483 2632 arhor
493 2593 568 2646 est,=
618 2580 666 2632 lib.
684 2580 778 2632 Arom.
802 2598 860 2650 cap.
881 2581 1133 2645 ra„arboredslas

54 2675 82 2716 at
103 2662 211 2714 Plinius
231 2662 335 2726 XXIV,
358 2678 415 2731 77:
445 2660 573 2730 «Lycion
621 2659 749 2722 Comanis,
767 2660 819 2710 hoc
837 2671 891 2726 est,
915 2665 995 2713 arbor
1009 2659 1134 2731 dysente-

55 2741 224 2812 praestantius
244 2760 259 2793 e
280 2741 356 2811 spina
376 2739 434 2791 fieri
447 2739 573 2805 tradunt,
617 2739 681 2790 rim:
695 2758 709 2790 a
721 2738 893 2790 Brachmanis
905 2738 1030 2807 medicis,
1045 2760 1132 2795 maere.

56 2841 138 2893 quam
163 2833 191 2874 et
207 2821 402 2892 pyxacanthum
415 2818 571 2872 Chironiam
619 2819 650 2869 In
666 2816 806 2888 provincia
822 2817 984 2870 Malabarica
997 2831 1024 2871 et
1037 2820 1132 2872 Cocini

54 2914 162 2955 vocant,
181 2926 192 2947 ι
229 2891 315 2968 (Nos
335 2899 509 2971 pyxacanthon
532 2899 570 2951 ibi
616 2897 895 2969 regnonasci‚ibique
904 2898 1051 2951 visamase
1060 2897 1133 2952 idem

56 2981 222 3053 scripsimus,
236 2993 271 3033 ut>
280 2981 308 3031 in
324 2979 427 3031 omnib.
444 2979 492 3030 lib.
504 2978 572 3050 legi·
616 2991 736 3031 testatur.
747 2977 837 3032 Hsnn.
851 3009 887 3020 —-
900 2979 940 3030 De
956 2997 1059 3032 masere
1075 2978 1131 3033 vid.

57 3059 286 3124 tna.)P11sr.-
304 3058 465 3122 [inlinentes
481 3045 570 3111 Ilione.
616 3059 767 3111 Excursum
786 3058 828 3110 VI
852 3057 885 3110 ad
901 3059 1000 3127 calcem
1015 3060 1128 3130 hujusce

58 3141 117 3212 quia
137 3141 217 3210 spina
239 3152 277 3192 est
298 3138 364 3190 buxi
386 3139 461 3190 folio.
479 3139 570 3191 Hsnn.
615 3137 690 3190 libri.
709 3140 762 3190 En.

58 3221 256 3274 -Cttrontan
271 3218 411 3272 Chironiam
420 3219 484 3271 Vet.
499 3217 571 3290 apud
655 3218 746 3269 XVII.
764 3235 789 3270 1.
804 3215 952 3270 Sascharon.
964 3216 1131 3272 Dioscoridis

58 3301 148 3354 Dalec.
173 3300 304 3372 quibanc
326 3316 423 3351 vocem
444 3317 570 3369 superva·
615 3295 686 3367 apud
694 3315 775 3369 quem
788 3297 845 3349 hac
856 3295 970 3350 totidem
982 3299 1071 3351 verbis
1087 3316 1132 3352 ex-

58 3397 133 3433 cnam
146 3379 200 3433 hoc
212 3380 272 3432 loco
286 3378 474 3431 arbitrabatur.
488 3379 541 3430 En.
615 3389 698 3442 stant,
714 3377 761 3429 lib.
773 3376 816 3440 II,
837 3383 907 3444 104,
923 3377 1056 3448 Pliniique
1068 3379 1131 3431 saia·

95 3460 174 3513 XVI.
193 3479 218 3513 r.
232 3460 272 3512 Et
281 3461 358 3509 macir
370 3478 400 3508 ea
413 3458 505 3522 India,
518 3471 569 3511 etc.
613 3477 698 3528 χαρον,
709 3475 753 3508 ros
762 3456 808 3508 ille
825 3457 971 3508 matutinus
983 3458 1130 3529 fuit,quem

59 3537 569 3608 Dioscor.lib.'1,cap.12030ribas.
614 3555 678 3607 apes
699 3535 786 3588 mellis
808 3535 926 3606 fingendi
951 3537 1034 3606 gratia
1055 3538 1131 3590 colli·

59 3617 106 3673 loc.
124 3638 207 3690 supra
221 3619 266 3672 cit.
279 3618 375 3671 Galen.
389 3618 436 3669 lib.
451 3618 522 3670 VIII
536 3616 570 3669 de
614 3629 680 3686 gunt
688 3635 696 3682 ;
709 3634 793 3686 quare
811 3617 839 3667 in
858 3614 1037 3669 arundinibus
1053 3618 1132 3670 colle·

60 3696 320 3770 Fic.simpl.med.p.
330 3696 487 3766 205zMaiasp
493 3699 570 3766 φλοιός
616 3708 688 3748 ctum
702 3696 793 3747 Plinio
807 3694 926 3749 diciturz
941 3715 1010 3760 non,
1024 3697 1062 3748 uti
1074 3693 1130 3750 sae·

61 3781 123 3832 istas
152 3781 181 3832 ia
206 3785 250 3839 τῆς
272 3772 370 3837 Indixit
393 3777 570 3849 κομιζόμενος,
615 3775 727 3828 charum
747 3787 887 3840 nostrum,
911 3795 944 3830 ex
966 3774 1060 3830 iisdem
1084 3795 1132 3829 ex-

62 3871 108 3911 etc.
121 3859 164 3912 Sic
173 3872 199 3912 et
214 3858 321 3924 Aetius,
334 3871 393 3910 tum
403 3857 431 3909 in
443 3855 504 3909 cod.
520 3876 570 3909 no·
616 3874 751 3927 pressum,
770 3874 801 3908 ac
817 3854 917 3909 deinde
930 3867 1052 3921 coctum,
1073 3875 1132 3908 coa-

63 3949 112 3990 stro
125 3957 226 4009 graeco,
238 3951 296 3991 tum
305 3938 333 3990 in
348 3936 414 3990 edit.
428 3935 568 3999 lat'.lib.1‚
615 3947 744 4006 stumque
767 3935 795 3986 in
817 3935 996 4005 pyramidales
1021 3936 1131 3988 formas.

64 4015 145 4072 delle
163 4017 263 4072 Medic.
282 4037 342 4089 pag.
364 4019 410 4071 23.
427 4016 569 4070 Hiran-
616 4017 688 4068 Num
710 4034 754 4068 ros
781 4015 837 4067 ciali
868 4017 926 4086 ipse
950 4016 1038 4078 iuret,
1065 4033 1130 4067 num
