2656 4830
59 402 252 428 mmm
256 392 1120 426 mmmmmmmmmmmmmm

185 636 646 787 numuloutrto
677 555 1023 725 unt-udum.

59 1034 183 1167 Quum
199 1095 253 1133 nos
269 1073 307 1132 ad
323 1087 457 1153 quartum
475 1073 556 1133 bane
566 1070 708 1132 naturalis
718 1071 857 1153 Historiae
869 1084 984 1151 partein
997 1066 1141 1133 edendam

58 1175 287 1253 accingeremus,
297 1192 393 1247 neque
408 1192 506 1231 rerum
517 1166 675 1241 Ctfficttltes
687 1171 728 1230 ita
739 1168 899 1244 deterruit,
909 1182 942 1230 ut
952 1188 1007 1231 nos
1016 1173 1142 1251 sucepti

60 1271 170 1331 loboris
186 1269 361 1348 poeniteret,
383 1280 427 1329 tot
442 1288 548 1347 nempe
568 1267 724 1327 doctorum
744 1268 876 1327 virorum
898 1267 1013 1329 auxiliis
1034 1269 1141 1339 lret0s3

58 1389 155 1448 neque
173 1380 255 1426 tanta
271 1386 325 1424 nos
336 1366 416 1444 cepit
425 1365 533 1425 virium
549 1364 666 1438 fiducia,
675 1376 709 1423 ut
722 1363 860 1423 omnibus
875 1365 1005 1424 numeris
1016 1384 1093 1447 opus
1105 1365 1144 1425 le·

60 1467 154 1524 liciter
176 1462 344 1524 absolutum
366 1462 404 1521 ad
420 1463 508 1528 linem
523 1456 647 1541 perduci
667 1478 754 1540 posse
773 1471 952 1541 putaremus.
974 1467 1051 1521 Dum
1072 1481 1144 1521 veto

59 1563 151 1621 menti
169 1572 356 1620 succurreret
372 1559 484 1618 nemini
497 1559 607 1636 magis,
620 1576 710 1647 quatu
727 1577 775 1617 cut
765 1555 902 1615 diutius
917 1556 1143 1639 phytogrnphiae

61 1660 189 1737 antiquae
207 1655 306 1717 studio
326 1655 523 1715 insudandum
544 1642 674 1726 lutitit,
666 1659 868 1734 innotescere,
879 1674 968 1733 quem
986 1669 1141 1715 contumu-

61 1776 122 1814 cem
140 1767 330 1814 tractaremus
342 1752 510 1827 materiam
525 1766 627 1812 nostro
642 1753 711 1832 jure
725 1746 906 1834 sperovirnns
921 1753 1000 1826 lore,
1016 1765 1051 1812 ut
1064 1754 1143 1833 peri-

62 1854 150 1913 tiores
164 1851 321 1912 coilntdtus
334 1852 442 1912 nostris
455 1853 602 1924 faverent,
614 1863 666 1909 aut
680 1850 863 1931 ignoscerent
876 1858 964 1925 terte,
975 1849 1143 1930 siquaedm
1159 1868 1167 1903 t

62 1952 128 2031 ipsis
143 1951 242 2010 minus
257 1949 614 2031 adprobarenturlQuam
630 1936 825 2009 nd'rntioneui
839 1961 972 2007 nostrum
985 1948 1056 2023 hoc,
1069 1967 1144 2027 qut-

62 2049 213 2127 lecumque
225 2062 286 2120 est,
309 2066 386 2126 opus
403 2046 585 2126 exegerimus
596 2088 607 2118 ,
618 2045 669 2105 vix
684 2062 803 2106 necesse
815 2043 993 2105 arbitramur
1002 2045 1142 2105 lectorem

62 2144 151 2204 fusius
166 2145 309 2217 edocere,
326 2144 377 2223 qui
400 2143 516 2202 affixum
537 2142 634 2222 primo
654 2154 756 2201 nostro
777 2140 921 2209 volumini
940 2141 1143 2220 praelationem

62 2242 249 2333 pervolverit
267 2239 356 2314 Quod
370 2240 499 2318 pertinet
517 2239 554 2298 ad
577 2237 847 2332 reptaesetptepdpm
865 2237 1146 2348 dilucidandumque

62 2339 198 2396 Plinianae
215 2338 358 2396 orationis
376 2349 560 2410 contextum,
574 2309 766 2397 Hardirldum
772 2324 1050 2414 ndstrntemsequi‘,
1060 2336 1143 2415 opti-

63 2455 138 2493 mum
160 2434 295 2494 omnium
313 2435 527 2512 interpretem,
551 2433 670 2512 jamjam
691 2445 748 2501 tet·
756 2431 875 2516 abbibo·
883 2433 970 2509 antus
987 2431 1142 2491 doctomm

65 2532 227 2590 testimonio
251 2529 495 2610 comprobatum,
520 2528 594 2591 nulli
618 2504 1035 2601 dubitdiitotlsr'ticcltamen
1060 2529 1142 2587 acl.

65 2629 116 2686 viri
131 2629 276 2696 sententia
289 2628 429 2689 recedere
446 2625 531 2685 nobis
551 2627 654 2704 religio
672 2615 913 2705 fitit3‘sisqtjilditt
923 2622 1030 2700 ubuum
1044 2624 1141 2698 dictu,

64 2737 90 2780 et
107 2724 229 2801 cognitu
247 2722 368 2803 dignum
387 2721 467 2801 apud
493 2721 667 2780 novissimos
687 2709 849 2794 edildrer's
860 2705 1055 2783 lt‘e’zio'iiiium
1079 2723 1141 2783 scil.

66 2835 91 2878 et
116 2820 302 2890 Broterium,
331 2817 620 2898 deprehenderimus.
644 2821 707 2878 Nec
733 2818 829 2879 fontes
854 2817 1034 2897 negleximus
1060 2820 1140 2877 anti-

66 2936 149 2992 quos,
162 2915 302 2988 riniani,
316 2915 470 2992 scaligeri,
491 2912 642 2987 salmasii,
660 2925 717 2974 cto.
730 2914 959 2973 commentarios
975 2926 1005 2972 et
1024 2915 1141 2973 exerci-

68 3014 202 3080 tationem
223 3010 275 3069 sed
292 3010 528 3069 doctissimorum
543 3009 675 3074 virorum
691 3011 863 3083 sententias,
880 3011 959 3070 uotis
971 3031 1059 3089 qutun
1078 3008 1143 3071 bre·

67 3109 187 3168 cissimis
200 3108 424 3187 comprehensas
444 3107 606 3179 voluimus,
630 3128 667 3165 ne
685 3108 821 3169 voluinen
843 3104 964 3167 nimiam
984 3110 1014 3167 in
1035 3110 1141 3169 molem

66 3218 257 3277 excresceret,
271 3217 323 3264 aut
336 3224 385 3279 ea,
401 3224 468 3283 quae
483 3200 659 3263 videbantur
677 3206 805 3285 optima,
819 3200 951 3284 ‘prorsus
971 3207 1142 3266 omitteren-

68 3314 119 3363 tur.
133 3309 208 3375 Quae
218 3317 315 3360 autem
328 3300 465 3379 adjuncta
476 3300 513 3359 de
528 3314 643 3373 nostro,
655 3314 706 3360 aut
720 3322 756 3360 ex
769 3300 900 3361 fontibus
908 3302 1049 3362 hactenus
1060 3303 1141 3382 igno-

68 3400 98 3457 tis
122 3400 314 3481 deprompte,
336 3398 366 3455 in
391 3397 486 3456 lucem
510 3397 637 3476 primum
663 3398 827 3478 prodeunt,
856 3400 956 3478 paucis
978 3399 1142 3459 edisseren-

67 3493 132 3554 dum
151 3493 428 3573 est-Delemmpii,
448 3494 555 3566 Clusii,
582 3491 739 3573 Bndaeique
764 3508 849 3552 notas
877 3494 915 3555 de
940 3495 1048 3574 plantis
1071 3496 1141 3556 illu·
1218 3540 1227 3553 .

68 3594 208 3665 strandis,
231 3593 412 3671 proprioque
435 3591 552 3650 nomine
575 3591 760 3665 deliniendis,
789 3591 989 3653 consuluimus
1010 3612 1152 3674 semper,

69 3691 115 3747 sed
131 3703 216 3749 caute
237 3701 267 3747 et
287 3704 355 3748 raro
378 3687 562 3761 admisimus3
583 3685 652 3767 quio
668 3689 779 3748 scilicet
799 3690 921 3748 nimium
942 3691 1076 3764 incertae,
1094 3690 1141 3750 ni-

71 3787 156 3845 mium
175 3787 310 3847 obscurat
332 3787 505 3865 plerumque
520 3787 589 3845 visae
608 3786 732 3860 fuerint,
744 3807 831 3865 quam
855 3799 887 3845 ut
903 3787 938 3846 iis
960 3800 1023 3846 tuto
1040 3786 1144 3849 adhe-1

70 3902 129 3940 rere
153 3883 344 3962 potuerimus.
366 3882 551 3947 salebrosum
565 3882 663 3962 igitur,
679 3895 708 3942 et
724 3883 784 3942 lere
802 3883 1048 3958 inextricabilem,
1064 3889 1142 3964 pby-

72 3981 225 4060 tographiae
242 3981 369 4061 autiquae
383 3979 463 4043 viem
476 3994 587 4041 tentare
601 3982 690 4056 ausis,
717 3982 777 4041 dux
791 3981 877 4041 nobis
893 3983 1074 4063 potissimum
1087 3984 1143 4045 eli·
1222 3963 1224 3969 Ι

603 4250 619 4279 d
632 4272 658 4293 ὦ,
