2656 4830
392 348 548 417 arnan
576 352 667 420 xri.
1013 353 1057 436 [μ
1101 322 1104 327 ⁴

98 476 190 545 tv11.
214 464 446 570 (x111.)Nardi
464 481 530 549 vim
550 482 701 552 habetet
722 478 899 550 asarum¹:
923 481 1013 575 quod
1030 495 1062 551 et
1086 508 1095 544 ι

97 610 102 649 t
114 581 215 677 aliqui
227 582 376 653 silvestre
388 585 552 655 nardum²
566 587 743 683 appellant.
756 591 816 660 Est
829 601 941 656 autem
956 587 1064 659 ederae

114 690 367 759 rotundioribus
380 706 510 761 tantum
524 694 814 789 mollioribusque‚
835 694 918 763 flore
937 718 1063 788 purpu-

97 795 208 864 radice
224 796 343 865 Gallici
361 799 480 867 nardi:
502 825 615 870 semen
631 786 838 889 acinosum³,
861 802 988 894 saporis
1010 825 1064 869 ca·

97 943 149 996 tlt.
161 961 185 996 r.
200 945 321 1008 Ascurum,
334 959 385 1000 etc.
399 948 506 1001 Asarnm
552 951 632 1004 fuisse
645 949 679 1004 de
692 951 820 1003 bacchare
836 947 989 1020 opiniones,
998 946 1065 1000 dum

97 1042 129 1074 rm
142 1024 174 1075 L.
186 1014 292 1091 (Dodec.
304 1047 432 1097 mnnogyn.
445 1047 505 1099 gen.
552 1048 609 1083 eam
623 1030 669 1083 alii
679 1030 849 1083 Valerianum
866 1029 1004 1093 celticam,
1016 1027 1065 1080 Di·

98 1101 171 1156 Pers.
183 1104 332 1158 Arntoloclr.
344 1107 361 1158 J
364 1097 426 1176 uss.)
438 1108 505 1161 Vul-
550 1109 657 1179 gitalem
669 1109 714 1162 alii
731 1127 894 1181 purpuream
906 1146 914 1173 ,
938 1107 1062 1160 nonnulli

97 1193 147 1249 ret,
160 1183 505 1256 nardsauvagedlumillima
551 1189 666 1242 Asarum
683 1207 837 1261 europnum
855 1205 910 1241 esee
927 1186 1064 1253 dictitent3

96 1277 228 1333 perpetuo
241 1265 330 1318 virens
342 1268 448 1337 planta,
462 1287 505 1320 ra·
551 1287 609 1339 qun
630 1268 714 1322 fusius
737 1269 771 1322 ad
792 1270 841 1322 lib.
864 1268 932 1320 xxl
952 1270 1062 1338 cap..16
1143 1321 1146 1325 ,

96 1341 160 1406 nui,
175 1356 300 1414 repente,
314 1348 448 1416 angulosa,
459 1365 507 1399 no·
551 1366 723 1418 exponemus.
731 1349 792 1401 Non
803 1355 889 1400 tamen
903 1347 950 1399 aba
964 1365 994 1400 re
1006 1347 1064 1399 fue-

96 1420 208 1486 fibmsn,
228 1423 362 1495 spadicea,
378 1428 420 1478 vel
434 1426 505 1479 cine·
550 1426 585 1480 rit
595 1428 675 1480 Plinii
684 1428 774 1480 locum
786 1427 832 1479 hic
842 1426 1005 1489 exscribere,
1017 1425 1063 1478 ubi

96 1500 142 1566 ui,
157 1504 331 1569 amaricante,
343 1507 507 1559 nauseabun·
550 1506 696 1561 baccharin·
706 1508 739 1560 ab
758 1525 833 1559 asaro
846 1505 975 1558 diversam
991 1504 1063 1575 judi·

95 1581 383 1646 ·matica‚Vaterianam
395 1587 505 1638 horten·
551 1605 611 1640 care
624 1589 682 1657 ipse
695 1585 818 1650 videtur,
843 1586 903 1638 loco
920 1603 1000 1654 supra
1015 1584 1061 1637 cit.

95 1657 231 1727 adolente,
262 1665 333 1716 foliis
364 1665 504 1728 rotundis,
552 1667 691 1720 «Bacchar
712 1683 819 1738 qunque
841 1663 938 1717 radicis
958 1675 1063 1716 tantum

95 1777 102 1802 ,
127 1740 234 1811 rigidis,
261 1743 369 1808 nitidis,
386 1746 505 1799 »obscure
551 1745 668 1801 odoratae
682 1759 732 1811 est,
748 1742 933 1816 aquibusdam
947 1740 1063 1796 nardum

95 1820 155 1884 bus,
168 1820 252 1891 longis
260 1822 505 1893 pediculisinnixis.
551 1827 680 1879 rusticum
692 1826 885 1896 appellatum...
903 1821 950 1876 aed
969 1840 1063 1874 eorum

107 1917 193 1970 prope
212 1901 328 1956 radicem
351 1905 422 1957 inter
442 1904 505 1957 folia
551 1903 724 1976 corrigendus
740 1924 815 1957 error
836 1918 875 1956 est
890 1903 936 1974 qui
948 1901 1063 1954 bacchar

95 1978 145 2043 iti,
159 1982 233 2033 tenui
245 2001 275 2034 ac
290 1982 367 2035 brevi
380 1982 506 2053 pediculo
552 1988 664 2037 rusticum
687 1985 788 2036 nardum
815 1983 993 2054 appellavere.
1016 1983 1064 2034 Eat

94 2070 120 2120 tt,
131 2062 264 2127 staminei,
275 2064 406 2132 purpurei
422 2075 448 2114 et
461 2063 504 2115 vix
551 2065 623 2116 enim
643 2065 693 2115 alia
708 2063 792 2116 herba
809 2062 1062 2132 siccognominata,
1147 2056 1150 2061 ’

94 2138 150 2202 cui,
165 2140 187 2192 si
196 2142 314 2211 calycem
325 2142 447 2212 excipias,
459 2142 505 2212 qui
551 2162 630 2214 quam
648 2143 734 2196 Graeci
751 2161 845 2195 aaaron
858 2155 967 2219 vocant,
988 2142 1064 2210 cujus

94 2231 170 2284 rest,
183 2221 310 2273 etintria
318 2234 452 2292 segmenta
463 2221 505 2274 di·
551 2223 666 2294 speciem
696 2223 862 2293 figuramque
888 2219 1006 2276 diximus
1033 2220 1062 2271 in

95 2310 173 2352 acuta
185 2312 210 2352 et
220 2302 504 2372 atropurpurascentia.
550 2301 629 2355 nardi
639 2303 789 2374 generibus.
795 2302 868 2366 Quin
876 2301 960 2352 immo
969 2317 1062 2354 aaaron

99 2391 189 2431 autem
205 2381 340 2452 posterior
354 2400 429 2451 pars,
446 2401 505 2452 quae
551 2382 660 2436 invenio
673 2382 799 2448 vocitari,
810 2380 938 2453 quoniam
948 2380 976 2434 in
986 2397 1064 2433 coro·

94 2475 132 2510 ma
151 2471 202 2523 est,
220 2460 275 2513 abit
291 2461 320 2511 in
340 2461 456 2515 fructum
477 2462 506 2514 in
552 2462 594 2516 nis
611 2482 667 2516 non
689 2461 811 2515 addatur.
825 2486 836 2508 a
863 2460 970 2514 Scilicet
989 2459 1063 2530 quaei

94 2555 114 2590 u
137 2557 182 2592 sex
208 2539 339 2605 divisum,
362 2541 508 2611 inquibus
554 2542 664 2613 ἄσνιρον,
677 2541 751 2613 quod
764 2541 884 2594 vinctum
900 2540 929 2592 in
946 2539 1023 2593 sertio
1037 2550 1065 2590 et

94 2663 96 2668 .
128 2620 300 2673 continentur
326 2619 508 2687 aubrotunda,
553 2621 660 2674 corollis
670 2640 725 2673 non
735 2617 968 2680 adhibereturzai(
982 2618 1064 2688 carpit<

95 2735 103 2758 ,
127 2699 212 2752 acinis
224 2719 336 2753 uvarum
355 2699 444 2772 quoad
456 2702 509 2754 for·
553 2696 723 2763 (coronarum
736 2696 831 2762 nexus)
854 2703 897 2752 οὐκ
913 2698 1065 2751 ἐλθόνΒνο·

95 2789 217 2830 aternam
230 2779 338 2845 similia,
354 2781 426 2833 fusca
440 2781 509 2834 tuni·
554 2780 646 2834 charin
671 2791 758 2832 autem
786 2778 952 2832 coronarium
981 2776 1062 2829 fuisse

93 2857 260 2930 solutaque
268 2859 411 2913 medullam
421 2861 509 2914 albam
553 2861 671 2931 plantam
685 2870 795 2912 testatur
806 2857 992 2919 Dioscor.III,
1012 2857 1062 2908 ⁵1:

93 2948 136 2988 ent
155 2940 336 2993 acriusculam.
359 2942 509 2995 Delectatur
552 2942 718 3012 Βάκκαρις...
733 2935 883 3008 capsellae,
898 2932 1008 2998 cuddae,
1023 2933 1065 2986 καὶ

93 3035 114 3081 ι,
139 3030 165 3069 et
194 3020 319 3090 frequens
341 3022 458 3074 occurrit
479 3022 508 3074 in
553 3020 739 3092 στεφωματική.
760 3021 864 3089 Nempe
883 3037 915 3071 ex
937 3015 1066 3070 bacchare

111 3097 223 3151 Radices
235 3112 261 3151 et
276 3099 339 3152 lolia
351 3100 380 3153 in
393 3100 508 3154 officinis
552 3102 738 3172 plectebantur
750 3099 874 3164 corollae,
886 3098 983 3169 quibus
995 3095 1066 3165 capi·
1149 3102 1152 3104 ’

111 3191 184 3231 sunt.
201 3179 280 3232 Cons.
292 3181 381 3233 Tract.
395 3178 429 3233 de
442 3181 507 3234 Mat.
553 3192 580 3234 ta
589 3194 660 3234 vates
673 3177 851 3244 redimerent,
862 3191 987 3248 tanquam
1001 3179 1066 3229 ἀπο-

92 3270 158 3312 auct.
171 3259 339 3318 cnorum,
362 3272 427 3313 tom.
449 3262 508 3326 III,
553 3261 663 3331 τροπαίῳ
693 3259 785 3311 fascini
811 3277 843 3311 ex
871 3258 952 3310 nimia
976 3253 1064 3309 laude.

92 3337 144 3401 3ο,
171 3357 202 3391 ex
218 3358 273 3410 quo
291 3338 452 3393 luculentam
466 3339 510 3392 de·
553 3339 620 3393 Inde
633 3339 730 3409 Virgil.
741 3338 797 3390 Ecl.
806 3338 872 3402 VH,
885 3356 939 3393 res.
952 3356 998 3405 27,
1014 3337 1065 3388 28:

92 3436 171 3470 onem
193 3420 415 3489 exprompsimus.
441 3419 510 3473 Sunt
555 3441 566 3463 ι
579 3421 647 3484 Aut,
671 3420 695 3472 si
708 3420 777 3471 ultra
791 3417 918 3488 placitum
936 3414 1066 3477 laudarit,

104 3495 215 3568 quidem
235 3497 400 3566 doctissimi,
413 3499 510 3569 quibus
555 3500 685 3552 bacchare
699 3498 815 3550 frontem
829 3496 950 3567 Cingite,
965 3514 999 3547 ne
1012 3493 1065 3546 vati

92 3595 103 3628 ι
124 3589 152 3629 et
166 3579 319 3636 baccharis,
342 3579 375 3632 de
389 3598 442 3650 qua
458 3580 512 3631 No·
554 3592 648 3632 noceat
659 3579 728 3631 mala
742 3577 834 3647 lingua
843 3577 942 3628 futuro.
954 3601 966 3621 ι
981 3576 1033 3626 En.

93 3657 113 3709 it
124 3665 180 3727 cap.
193 3663 246 3722 26,
260 3657 359 3711 eadem
369 3657 512 3711 videantur
561 3708 567 3717 ,
581 3719 584 3727 Ι
597 3679 623 3712 a.
639 3657 753 3710 Silvestre
774 3655 884 3708 nardum.
905 3645 1020 3722 Ᾰσαρον,
1045 3653 1066 3704 ci

105 3736 160 3800 ita,
178 3750 304 3809 utquam
319 3739 429 3791 Veteres
448 3739 511 3804 βάκ·
554 3735 584 3793 dl
601 3734 690 3809 νάρδον
707 3739 792 3808 ἀγρίαν
808 3741 923 3796 καλοῦσι,
939 3734 1031 3785 Diosc.
1042 3734 1066 3795 I,

91 3813 213 3882 lixerint,
229 3837 287 3871 eam
302 3836 351 3870 noa
368 3819 510 3871 vernacula
556 3838 615 3888 9,a
629 3837 684 3889 quo
697 3817 792 3870 iisdem
806 3816 861 3868 fere
874 3814 961 3868 verbis
972 3811 1069 3864 descri-

104 3913 153 3965 per
167 3898 296 3967 μετάθεσιν
308 3898 406 3949 cubaret
419 3899 510 3968 appel·
555 3899 673 3952 bitur.ln
686 3896 800 3949 officinis
810 3896 905 3947 retinet
913 3909 1020 3945 nomeu.
1033 3891 1066 3941 H.

91 3994 146 4029 nus.
171 3977 228 4031 Nec
257 3997 305 4030 nos
332 3977 403 4047 fugit
425 3977 509 4031 varias
597 3976 856 4030 3.Semeaacinosram.
869 3975 973 4026 Florem
985 3969 1068 4021 habet
