2656 4830
141 370 192 453 do
415 373 453 439 C.
482 373 648 440 PLINII
675 371 781 441 NAT.
810 369 938 436 HIST.

141 498 247 587 lato,
239 525 274 567 m
289 525 438 596 purpura
457 489 653 572 albicante'³
662 502 806 592 ,radice
825 500 959 593 obliqua
978 487 1206 593 villosaquc²⁶,

141 618 177 675 et
195 606 345 676 imitante
361 610 472 677 avium
486 610 596 741 pedes.
611 611 788 679 Baccharis
803 621 945 676 vocatur
956 606 1098 674 nardum
1119 607 1207 674 rusti·

138 732 240 798 cum,
255 712 296 781 de
310 740 376 808 quo
393 703 572 786 dicemus²⁵
584 718 672 784 inter
691 716 798 784 flores.
816 717 902 782 Sunt
910 727 1028 843 6autem
1049 737 1088 781 ea
1100 715 1206 781 omnia

109 827 126 884 t
143 816 255 889 herbae
273 836 395 913 praeter
416 821 579 892 Indicum.
596 824 685 893 Ex
665 848 703 890 us
723 804 923 890 Gallicum²6
946 833 980 888 et
1000 843 1077 888 cum
1098 818 1205 887 radice

143 922 292 1008 vellitur,
323 927 584 1022 abluiturque
553 955 642 998 vino.
672 928 851 997 Siccatur
842 951 876 995 m
903 923 1038 1012 umbra,
1060 924 1209 1019 alligatur

93 1084 102 1101 .,
144 1029 306 1101 fasciculis
322 1034 357 1101 in
372 1035 506 1120 charta,
525 1060 594 1104 non
608 1037 752 1103 multum
764 1035 806 1103 ab
824 1031 941 1101 Indico
955 1031 1132 1119 differens,
1151 1033 1206 1124 sy-

144 1137 235 1205 riaco
251 1152 362 1207 tamen
377 1139 492 1211 levius.
510 1138 689 1210 Pretium²⁷
692 1167 751 1228 ,x
772 1164 828 1210 111.
842 1141 883 1207 In
897 1139 951 1206 his
968 1139 1123 1232 probatio
1134 1161 1211 1224 una,

145 1266 186 1310 ne
210 1245 276 1312 sint
293 1245 420 1341 fragilia
437 1262 471 1316 et
492 1248 584 1317 arida
602 1234 732 1343 potius,
734 1271 869 1377 quam
881 1246 1001 1331 sicca,
1019 1241 1108 1313 folia.
1129 1191 1211 1313 Curti

145 1346 274 1418 Gallico
292 1354 398 1422 nardo
414 1379 545 1449 semper
564 1352 731 1424 nascitur²
734 1339 881 1439 8herba,
903 1375 976 1444 quae
991 1348 1142 1419 hilculus
1157 1375 1209 1418 vo·

146 1470 267 1544 catur,
295 1483 315 1526 a
344 1462 505 1554 gravitate
528 1462 640 1530 odoris
666 1475 700 1528 et
726 1457 960 1544 similitudine,
983 1482 1048 1551 qua
1074 1457 1210 1525 maxime

145 1560 362 1634 adulteratur.
386 1569 516 1654 Distat,
538 1567 628 1661 quod
643 1569 713 1636 sine
733 1563 895 1634 cauliculo
913 1577 978 1650 est,
993 1578 1027 1632 et
1046 1564 1136 1658 quod
1151 1564 1209 1630 mi·

145 1669 284 1740 noribus
313 1671 429 1758 foliis,
458 1675 614 1768 quodque
653 1672 772 1741 radicis
804 1695 912 1764 neque
938 1694 1087 1758 amarae,
1110 1693 1209 1764 neque

77 1782 79 1787 '
146 1773 305 1846 odoratae.

189 1936 235 1990 πθ.
248 1938 279 1988 In
285 1958 395 2010 purpura
411 1940 539 1993 albicante.
556 1941 658 2006 Cauiis,
702 1941 777 1998 mili,
805 1956 863 2006 quae
882 1955 935 1989 una
956 1956 1016 1990 cum
1039 1955 1070 1989 ea
1092 1937 1210 2000 vellitur,

146 2013 248 2086 inquit,
264 2017 292 2069 in
311 2039 429 2088 purpura
447 2022 553 2074 albicat.
569 2021 657 2073 Dioso.
702 2037 836 2092 quamque
846 2029 959 2088 propter
967 2018 1086 2070 virosum
1097 2015 1213 2080 odorem,

148 2094 186 2146 ait
199 2096 301 2150 caulem
314 2117 524 2171 purpurascere,
536 2100 614 2154 flores
630 2101 658 2152 in
703 2100 820 2151 litaniam
833 2097 981 2151 nominent.
1002 2095 1091 2149 Facile
1104 2115 1169 2149 vero
1179 2107 1211 2148 est

149 2192 269 2245 purpura
281 2178 411 2232 albicare:
427 2183 522 2234 Καυλὸν
537 2183 660 2251 ἐμπόρρο-
703 2180 773 2233 hanc
784 2180 818 2230 ab
829 2177 874 2229 illa
888 2177 1083 2230 internoscere:
1098 2175 1211 2247 quando·

148 2273 198 2324 ρον,
211 2255 269 2312 ἄνθη
285 2259 308 2309 tv
317 2266 353 2330 τῷ
361 2267 438 2330 λευκῷ
448 2257 612 2332 θιαπόρρυροι.
625 2261 659 2312 Η.
704 2258 812 2331 quidem
829 2258 911 2308 herba
924 2258 1026 2309 estsine
1038 2256 1180 2321 cauliculo,
1191 2265 1212 2306 et

192 2342 237 2399 ²4·
256 2337 407 2410 Villosuque·
429 2341 547 2393 Fibrosa.
568 2339 660 2392 Halm.
705 2336 853 2404 candidior,
863 2337 1003 2405 minusque
1013 2336 1130 2406 oblonga
1139 2336 1213 2388 habet

149 2446 188 2456 -
200 2415 237 2466 Et
251 2419 359 2468 imitante
371 2413 449 2472 auium
459 2421 540 2490 pedes.
556 2419 588 2471 Id
608 2430 661 2484 est,
706 2419 781 2479 lolia3
791 2416 857 2487 quin
865 2435 953 2486 neque
961 2415 1079 2467 radicem
1089 2433 1212 2478 amaram,

149 2507 300 2561 veratrum,
319 2498 442 2567 nigrum,
455 2519 501 2552 seu
516 2498 662 2568 melampo·
705 2510 751 2551 aut
774 2495 962 2560 aromaticam,
992 2493 1213 2564 quemadmodum

150 2571 238 2639 dium,
256 2595 288 2627 ex
301 2577 466 2631 Dioscorida.
479 2580 518 2632 Ex
535 2579 583 2631 ista
597 2596 663 2629 voce
706 2576 823 2648 legitima
837 2573 962 2627 nardus.»
973 2576 1013 2627 De
1029 2575 1071 2626 his
1087 2573 1150 2628 vide
1163 2587 1211 2627 not.

151 2653 331 2726 melampodium
344 2670 511 2714 vetustorum
529 2658 662 2727 exempla·
710 2659 745 2710 28
761 2656 807 2708 fin.
822 2656 875 2706 En.

134 2733 221 2786 aium
247 2750 417 2808 corruptores
436 2740 584 2792 effecerunt
607 2738 662 2798 τοὺς
750 2754 796 2804 ²7·
809 2735 917 2788 Pretium
933 2733 971 2786 X.
983 2733 1034 2786 III.
1049 2734 1091 2786 Ita
1103 2735 1214 2788 scriben-

86 2871 89 2879 ,
150 2820 199 2866 τῶν
214 2817 308 2887 ὀρνίθων
324 2814 415 2880 πόθοις.
431 2821 536 2871 Danao.
708 2814 784 2877 dum,
797 2833 852 2866 non
863 2813 1040 2884 conjunctim,
1051 2831 1117 2867 x111.
1127 2816 1212 2868 Hine.

194 2896 238 2948 25.
258 2897 360 2967 Deque
380 2899 483 2949 dicamus
506 2901 568 2949 iuter
578 2897 664 2966 flaret.
709 2920 749 2932 -
768 2895 827 2946 Hoc
842 2905 895 2954 est,
914 2891 1017 2945 denarii
1026 2905 1095 2960 tres
1105 2906 1214 2947 moneta
1242 2942 1247 2952 ,

150 2974 210 3028 Lib.
221 2977 304 3040 XXI,
323 2993 382 3070 cap.
397 2981 443 3030 16
456 2979 546 3029 Herm
709 2986 815 3039 nostre,
831 2973 894 3025 afr.
910 2992 977 3025 rac
991 2974 1043 3024 En.

186 3057 239 3106 ο6.
253 3056 338 3106 ΕΓ
318 3075 348 3106 us
367 3056 492 3125 gallicum
515 3053 665 3107 Dioscorid.
753 3057 799 3108 28.
821 3053 882 3106 Cum
894 3054 941 3123 gal
940 3053 986 3104 lico
1001 3073 1092 3124 semper
1106 3059 1216 3116 nascitur,

151 3134 180 3197 1,
196 3151 227 3203 7:
244 3123 429 3192 balnearent
444 3131 532 3206 νάρθος
550 3138 666 3204 γεννᾶται
711 3147 759 3186 etc.
774 3136 815 3186 De
825 3152 874 3185 suo
885 3132 914 3185 ul
927 3133 1038 3185 Plinius.
1051 3132 1217 3187 Dioscorides

151 3212 195 3281 pit
211 3216 236 3266 iu
254 3217 305 3276 τοῖς
324 3216 392 3268 κατὰ
405 3216 519 3286 Λιγυρὶαν
541 3205 665 3278 danesii,
712 3233 742 3267 ea
751 3226 854 3267 tantum
862 3214 946 3264 herba
954 3211 1068 3265 nardum
1077 3211 1216 3267 adulterari

150 3287 606 3366 ἐπιχωρίωςὡνοροιορένηᾸλιοθγγιοι·
614 3314 669 3365 γον·
712 3293 812 3347 scribit.
845 3294 948 3344 Danao.
976 3316 1017 3326 -
1043 3294 1119 3347 Inter
1145 3291 1216 3347 nardi

150 3375 225 3425 νᾶτοιι
234 3369 264 3426 di
274 3377 297 3427 it
308 3395 340 3444 τῃ
328 3368 430 3446 lepte·
442 3377 479 3435 ἔςι
494 3371 523 3430 di
533 3375 665 3444 θαμνίονιος
712 3375 814 3427 celtica
824 3372 964 3425 fasciculos
971 3372 1157 3438 herbameam,
1164 3389 1217 3445 qna

151 3454 252 3523 μικρὸς,
275 3456 317 3507 σὺν
341 3458 395 3517 ταῖς
417 3451 493 3520 ῥίζαις
515 3457 547 3515 εἰς
566 3451 664 3523 θέσμιος
709 3452 828 3506 hirculus
840 3451 947 3518 dicitur,
967 3449 1175 3522 deprehendisse
1193 3469 1216 3504 se

151 3531 383 3605 ἀνοιλοιμέοινόμινος
393 3537 566 3606 χειροπληθεῖς·
577 3529 675 3601 ἔχειθὲ.
709 3546 818 3586 testatur
834 3531 938 3583 Clusius
952 3533 1045 3583 Arom.
1060 3532 1089 3589 I,
1106 3533 1157 3598 33,
1175 3530 1217 3586 ubi

150 3613 228 3681 ρὺλλοι
242 3615 357 3684 θπομήκη
375 3605 442 3681 (alii,
457 3605 592 3685 ἐπιμήκη),
602 3615 663 3665 ὑπό·
708 3615 764 3684 ejus
776 3613 879 3665 iconem
895 3622 1072 3681 representat.
1083 3613 1217 3666 Hane.-

150 3691 226 3753 ξοινθοι
238 3732 245 3759 ,
258 3693 331 3763 οἳνθοςΙ
342 3694 449 3758 μήλινον.
462 3697 551 3748 Mirus
568 3690 597 3747 di
612 3700 662 3747 τῶν
707 3692 806 3763 Semper
823 3695 944 3756 nascitur,
961 3703 1011 3744 etc.
1026 3692 1083 3744 Nec
1106 3710 1216 3764 semper,

149 3778 245 3826 καυλῶν
259 3774 310 3838 iet,
324 3775 426 3829 καὶτῶν
444 3777 512 3846 ῥιζῶν
526 3777 541 3832 ἡ
557 3781 660 3845 χρῆσις,
706 3773 790 3825 immo
796 3790 858 3824 raro
866 3789 927 3824 cum
938 3770 1023 3823 nardo
1032 3772 1127 3840 gallico
1137 3771 1216 3825 nasci·

149 3851 191 3903 uati
204 3853 219 3908 tl
238 3849 348 3919 ainata,
362 3876 386 3907 κ.
406 3876 431 3907 τ.
448 3863 472 3909 λ.
492 3853 568 3908 Idem
580 3853 662 3925 paulo
706 3864 760 3905 tur.
775 3855 858 3905 Bnor.
872 3883 912 3892 —
923 3853 961 3903 Et
972 3853 1136 3904 similitudine.
1149 3853 1215 3905 Cum

148 3943 211 3999 poet
240 3931 330 4002 adjicit
363 3933 398 3987 de
428 3937 511 3988 herba
536 3933 660 3986 hirculo:
706 3931 791 3985 nardo
812 3930 1092 3988 celtica‚uttestiaest
1105 3933 1217 3994 Clusius,

151 4036 161 4058 ι
177 4012 347 4069 Adulteratur
368 4028 457 4070 autam
477 4014 559 4068 herba
581 4012 663 4084 persi·
708 4013 756 4084 qui
770 4011 889 4068 eontulit.
907 4012 997 4065 Hane.
