<?xml version="1.0" encoding="UTF-8"?>
<!DOCTYPE html PUBLIC "-//W3C//DTD XHTML 1.0 Transitional//EN"
    "http://www.w3.org/TR/xhtml1/DTD/xhtml1-transitional.dtd">
<html xmlns="http://www.w3.org/1999/xhtml" xml:lang="en" lang="en">
 <head>
  <title>
</title>
<meta http-equiv="Content-Type" content="text/html;charset=utf-8" />
  <meta name='ocr-system' content='tesseract 3.04.00' />
  <meta name='ocr-capabilities' content='ocr_page ocr_carea ocr_par ocr_line ocrx_word'/>
</head>
<body>
  <div class='ocr_page' id='page_1' title='image "bibliothecaclas44lemagoog_0059.png"; bbox 0 0 2656 4830; ppageno 0'>
   <div class='ocr_carea' id='block_1_1' title="bbox 138 104 935 185">
    <p class='ocr_par' dir='ltr' id='par_1_1' title="bbox 138 104 935 185">
     <span class='ocr_line' id='line_1_1' title="bbox 138 104 935 185; baseline -0.008 -1"><span class='ocrx_word' id='word_1_1' title='bbox 138 104 187 185; x_wconf 78' lang='lat'><strong>6&#39;0</strong></span> <span class='ocrx_word' id='word_1_2' title='bbox 414 115 645 185; x_wconf 81' lang='lat' dir='ltr'><strong>C.PL1N11</strong></span> <span class='ocrx_word' id='word_1_3' title='bbox 670 115 780 184; x_wconf 85' lang='lat' dir='ltr'><strong>NAT.</strong></span> <span class='ocrx_word' id='word_1_4' title='bbox 805 111 935 181; x_wconf 88' lang='lat' dir='ltr'><strong>HIST.</strong></span> 
     </span>
    </p>
   </div>
   <div class='ocr_carea' id='block_1_2' title="bbox 106 240 1241 661">
    <p class='ocr_par' dir='ltr' id='par_1_2' title="bbox 138 240 1241 553">
     <span class='ocr_line' id='line_1_2' title="bbox 138 240 1241 342; baseline -0.002 -26"><span class='ocrx_word' id='word_1_5' title='bbox 138 245 287 341; x_wconf 87' lang='lat' dir='ltr'><strong>postibus</strong></span> <span class='ocrx_word' id='word_1_6' title='bbox 312 245 499 334; x_wconf 84' lang='lat' dir='ltr'><strong>matutinis,</strong></span> <span class='ocrx_word' id='word_1_7' title='bbox 529 254 634 342; x_wconf 91' lang='lat' dir='ltr'><strong>quum</strong></span> <span class='ocrx_word' id='word_1_8' title='bbox 648 259 699 316; x_wconf 86' lang='lat' dir='ltr'><strong>est</strong></span> <span class='ocrx_word' id='word_1_9' title='bbox 716 242 886 315; x_wconf 83' lang='lat' dir='ltr'><strong>rorulenta</strong></span> <span class='ocrx_word' id='word_1_10' title='bbox 912 243 1055 337; x_wconf 85' lang='lat' dir='ltr'><strong>Cypros.</strong></span> <span class='ocrx_word' id='word_1_11' title='bbox 1078 240 1241 314; x_wconf 74' lang='lat' dir='ltr'><strong>Deinde</strong></span> 
     </span>
     <span class='ocr_line' id='line_1_3' title="bbox 139 346 1238 449; baseline 0.002 -30"><span class='ocrx_word' id='word_1_12' title='bbox 139 349 262 420; x_wconf 85' lang='lat' dir='ltr'><strong>nebula</strong></span> <span class='ocrx_word' id='word_1_13' title='bbox 283 350 352 420; x_wconf 90' lang='lat' dir='ltr'><strong>sole</strong></span> <span class='ocrx_word' id='word_1_14' title='bbox 376 351 546 440; x_wconf 86' lang='lat' dir='ltr'><strong>discussa,</strong></span> <span class='ocrx_word' id='word_1_15' title='bbox 567 353 739 449; x_wconf 87' lang='lat' dir='ltr'><strong>pulverem</strong></span> <span class='ocrx_word' id='word_1_16' title='bbox 757 350 969 420; x_wconf 78' lang='lat' dir='ltr'><strong>madentibus</strong></span> <span class='ocrx_word' id='word_1_17' title='bbox 988 346 1076 418; x_wconf 86' lang='lat' dir='ltr'><strong>villis</strong></span> <span class='ocrx_word' id='word_1_18' title='bbox 1096 348 1238 421; x_wconf 72' lang='lat' dir='ltr'><strong>adhe·</strong></span> 
     </span>
     <span class='ocr_line' id='line_1_4' title="bbox 141 457 809 553; baseline -0.004 -27"><span class='ocrx_word' id='word_1_19' title='bbox 141 482 290 544; x_wconf 76' lang='lat' dir='ltr'><strong>cessere,</strong></span> <span class='ocrx_word' id='word_1_20' title='bbox 311 472 410 553; x_wconf 90' lang='lat' dir='ltr'><strong>atque</strong></span> <span class='ocrx_word' id='word_1_21' title='bbox 428 459 474 528; x_wconf 91' lang='lat' dir='ltr'><strong>ita</strong></span> <span class='ocrx_word' id='word_1_22' title='bbox 486 457 649 529; x_wconf 86' lang='lat' dir='ltr'><strong>ladanum</strong></span> <span class='ocrx_word' id='word_1_23' title='bbox 667 458 809 553; x_wconf 88' lang='lat' dir='ltr'><strong>depecti.</strong></span> 
     </span>
    </p>

    <p class='ocr_par' dir='ltr' id='par_1_3' title="bbox 106 559 1232 661">
     <span class='ocr_line' id='line_1_5' title="bbox 106 559 1232 661; baseline 0.001 -29"><span class='ocrx_word' id='word_1_24' title='bbox 106 569 123 622; x_wconf 83' lang='grc'>3</span> <span class='ocrx_word' id='word_1_25' title='bbox 194 565 279 632; x_wconf 88' lang='lat' dir='ltr'><strong>Sunt</strong></span> <span class='ocrx_word' id='word_1_26' title='bbox 298 566 355 657; x_wconf 91' lang='lat' dir='ltr'><strong>qui</strong></span> <span class='ocrx_word' id='word_1_27' title='bbox 373 563 541 634; x_wconf 85' lang='lat' dir='ltr'><strong>berbam¹¹</strong></span> <span class='ocrx_word' id='word_1_28' title='bbox 563 567 597 634; x_wconf 92' lang='lat' dir='ltr'><strong>in</strong></span> <span class='ocrx_word' id='word_1_29' title='bbox 616 568 754 661; x_wconf 82' lang='lat' dir='ltr'><strong>Cypro,</strong></span> <span class='ocrx_word' id='word_1_30' title='bbox 776 588 816 631; x_wconf 86' lang='lat' dir='ltr'><strong>ex</strong></span> <span class='ocrx_word' id='word_1_31' title='bbox 835 586 901 657; x_wconf 86' lang='lat' dir='ltr'><strong>qua</strong></span> <span class='ocrx_word' id='word_1_32' title='bbox 928 560 963 630; x_wconf 89' lang='lat' dir='ltr'><strong>id</strong></span> <span class='ocrx_word' id='word_1_33' title='bbox 994 560 1072 648; x_wconf 83' lang='lat' dir='ltr'><strong>fiat,</strong></span> <span class='ocrx_word' id='word_1_34' title='bbox 1097 559 1232 634; x_wconf 85' lang='lat' dir='ltr'><strong>ledam</strong></span> 
     </span>
    </p>
   </div>
   <div class='ocr_carea' id='block_1_3' title="bbox 58 726 1229 3823">
    <p class='ocr_par' dir='ltr' id='par_1_4' title="bbox 140 726 1229 1596">
     <span class='ocr_line' id='line_1_6' title="bbox 140 726 1227 800; baseline 0.003 -18"><span class='ocrx_word' id='word_1_35' title='bbox 140 747 196 782; x_wconf 90' lang='lat' dir='ltr'><strong>non</strong></span> <span class='ocrx_word' id='word_1_36' title='bbox 208 727 336 799; x_wconf 82' lang='lat' dir='ltr'><strong>judicans.</strong></span> <span class='ocrx_word' id='word_1_37' title='bbox 360 731 421 782; x_wconf 89' lang='lat' dir='ltr'><strong>Duo</strong></span> <span class='ocrx_word' id='word_1_38' title='bbox 446 729 553 783; x_wconf 91' lang='lat' dir='ltr'><strong>interim</strong></span> <span class='ocrx_word' id='word_1_39' title='bbox 567 730 653 784; x_wconf 85' lang='lat' dir='ltr'><strong>ausim</strong></span> <span class='ocrx_word' id='word_1_40' title='bbox 697 729 818 782; x_wconf 80' lang='lat' dir='ltr'><strong>rorulenta</strong></span> <span class='ocrx_word' id='word_1_41' title='bbox 835 727 945 800; x_wconf 83' lang='lat' dir='ltr'><em>Cypros,</em></span> <span class='ocrx_word' id='word_1_42' title='bbox 958 738 1123 798; x_wconf 87' lang='lat' dir='ltr'><strong>postremam</strong></span> <span class='ocrx_word' id='word_1_43' title='bbox 1136 726 1227 785; x_wconf 83' lang='lat' dir='ltr'><strong>hauc</strong></span> 
     </span>
     <span class='ocr_line' id='line_1_7' title="bbox 141 805 1229 881; baseline 0.002 -20"><span class='ocrx_word' id='word_1_44' title='bbox 141 808 275 862; x_wconf 83' lang='lat' dir='ltr'><strong>affirmare</strong></span> <span class='ocrx_word' id='word_1_45' title='bbox 288 809 439 881; x_wconf 88' lang='lat' dir='ltr'><strong>:primum,</strong></span> <span class='ocrx_word' id='word_1_46' title='bbox 453 810 564 862; x_wconf 86' lang='lat' dir='ltr'><strong>minime</strong></span> <span class='ocrx_word' id='word_1_47' title='bbox 576 808 653 863; x_wconf 85' lang='lat' dir='ltr'><strong>dece·</strong></span> <span class='ocrx_word' id='word_1_48' title='bbox 696 827 790 863; x_wconf 83' lang='lat' dir='ltr'><strong>vocem</strong></span> <span class='ocrx_word' id='word_1_49' title='bbox 801 808 894 878; x_wconf 81' lang='lat' dir='ltr'><em>Cypros</em></span> <span class='ocrx_word' id='word_1_50' title='bbox 904 805 1031 878; x_wconf 73' lang='lat' dir='ltr'><strong>expungit</strong></span> <span class='ocrx_word' id='word_1_51' title='bbox 1044 825 1052 860; x_wconf 76' lang='lat' dir='ltr'>z</span> <span class='ocrx_word' id='word_1_52' title='bbox 1067 819 1114 860; x_wconf 87' lang='lat' dir='ltr'><strong>aut</strong></span> <span class='ocrx_word' id='word_1_53' title='bbox 1127 826 1229 878; x_wconf 83' lang='lat' dir='ltr'><strong>quum</strong></span> 
     </span>
     <span class='ocr_line' id='line_1_8' title="bbox 141 887 1226 961; baseline 0.001 -20"><span class='ocrx_word' id='word_1_54' title='bbox 141 900 221 959; x_wconf 86' lang='lat' dir='ltr'><strong>ptum</strong></span> <span class='ocrx_word' id='word_1_55' title='bbox 229 888 357 952; x_wconf 86' lang='lat' dir='ltr'><strong>Plinium,</strong></span> <span class='ocrx_word' id='word_1_56' title='bbox 368 901 399 941; x_wconf 92' lang='lat' dir='ltr'><strong>ut</strong></span> <span class='ocrx_word' id='word_1_57' title='bbox 408 889 653 960; x_wconf 80' lang='lat' dir='ltr'><strong>Delecompiosliis·</strong></span> <span class='ocrx_word' id='word_1_58' title='bbox 696 907 747 961; x_wconf 85' lang='lat' dir='ltr'><strong>pro</strong></span> <span class='ocrx_word' id='word_1_59' title='bbox 763 890 874 940; x_wconf 75' lang='lat' dir='ltr'><strong>attractis</strong></span> <span class='ocrx_word' id='word_1_60' title='bbox 881 887 1016 955; x_wconf 75' lang='lat' dir='ltr'><strong>funiculis,</strong></span> <span class='ocrx_word' id='word_1_61' title='bbox 1031 890 1117 939; x_wconf 78' lang='lat' dir='ltr'><strong>tractis</strong></span> <span class='ocrx_word' id='word_1_62' title='bbox 1133 887 1226 959; x_wconf 75' lang='lat' dir='ltr'><strong>legit,</strong></span> 
     </span>
     <span class='ocr_line' id='line_1_9' title="bbox 143 965 1224 1039; baseline 0.004 -20"><span class='ocrx_word' id='word_1_63' title='bbox 143 985 196 1039; x_wconf 89' lang='lat' dir='ltr'><strong>que</strong></span> <span class='ocrx_word' id='word_1_64' title='bbox 211 967 364 1030; x_wconf 71' lang='lat' dir='ltr'><strong>visumst,</strong></span> <span class='ocrx_word' id='word_1_65' title='bbox 384 986 470 1039; x_wconf 88' lang='lat' dir='ltr'><strong>neque</strong></span> <span class='ocrx_word' id='word_1_66' title='bbox 484 974 586 1032; x_wconf 80' lang='grc' dir='ltr'><strong>κισσοῦ,</strong></span> <span class='ocrx_word' id='word_1_67' title='bbox 599 969 653 1023; x_wconf 87' lang='lat' dir='ltr'><strong>boc</strong></span> <span class='ocrx_word' id='word_1_68' title='bbox 698 981 725 1021; x_wconf 87' lang='lat' dir='ltr'><strong>et</strong></span> <span class='ocrx_word' id='word_1_69' title='bbox 736 967 854 1035; x_wconf 67' lang='lat' dir='ltr'><strong>funiculis</strong></span> <span class='ocrx_word' id='word_1_70' title='bbox 876 965 951 1019; x_wconf 86' lang='lat' dir='ltr'><strong>eradi</strong></span> <span class='ocrx_word' id='word_1_71' title='bbox 971 966 1067 1038; x_wconf 80' lang='lat' dir='ltr'><strong>jubet3</strong></span> <span class='ocrx_word' id='word_1_72' title='bbox 1085 967 1137 1020; x_wconf 92' lang='lat' dir='ltr'><strong>etsi</strong></span> <span class='ocrx_word' id='word_1_73' title='bbox 1153 985 1224 1023; x_wconf 74' lang='lat' dir='ltr'><strong>cam</strong></span> 
     </span>
     <span class='ocr_line' id='line_1_10' title="bbox 143 1044 1221 1119; baseline -0.002 -18"><span class='ocrx_word' id='word_1_74' title='bbox 143 1059 199 1109; x_wconf 89' lang='lat' dir='ltr'><strong>est,</strong></span> <span class='ocrx_word' id='word_1_75' title='bbox 214 1045 307 1112; x_wconf 74' lang='lat' dir='ltr'><strong>edere,</strong></span> <span class='ocrx_word' id='word_1_76' title='bbox 315 1063 367 1117; x_wconf 88' lang='lat' dir='ltr'><strong>pro</strong></span> <span class='ocrx_word' id='word_1_77' title='bbox 375 1053 467 1113; x_wconf 78' lang='grc' dir='ltr'><strong>κισθοῦ,</strong></span> <span class='ocrx_word' id='word_1_78' title='bbox 477 1048 530 1102; x_wconf 90' lang='lat' dir='ltr'><strong>hoc</strong></span> <span class='ocrx_word' id='word_1_79' title='bbox 539 1060 653 1119; x_wconf 90' lang='lat' dir='ltr'><strong>est,pro</strong></span> <span class='ocrx_word' id='word_1_80' title='bbox 697 1067 791 1101; x_wconf 86' lang='lat' dir='ltr'><strong>vocem</strong></span> <span class='ocrx_word' id='word_1_81' title='bbox 810 1045 1020 1118; x_wconf 81' lang='lat' dir='ltr'><strong>sententiamque</strong></span> <span class='ocrx_word' id='word_1_82' title='bbox 1042 1044 1221 1115; x_wconf 78' lang='lat' dir='ltr'><strong>Dioscorides</strong></span> 
     </span>
     <span class='ocr_line' id='line_1_11' title="bbox 143 1125 1217 1199; baseline 0.001 -20"><span class='ocrx_word' id='word_1_83' title='bbox 143 1126 228 1180; x_wconf 87' lang='lat' dir='ltr'><strong>cistbo</strong></span> <span class='ocrx_word' id='word_1_84' title='bbox 252 1126 368 1192; x_wconf 82' lang='lat' dir='ltr'><strong>frutice,</strong></span> <span class='ocrx_word' id='word_1_85' title='bbox 395 1127 468 1199; x_wconf 88' lang='lat' dir='ltr'><strong>apud</strong></span> <span class='ocrx_word' id='word_1_86' title='bbox 495 1128 653 1198; x_wconf 80' lang='lat' dir='ltr'><strong>scriptorem</strong></span> <span class='ocrx_word' id='word_1_87' title='bbox 695 1128 739 1181; x_wconf 89' lang='lat' dir='ltr'><strong>bis</strong></span> <span class='ocrx_word' id='word_1_88' title='bbox 751 1126 839 1179; x_wconf 85' lang='lat' dir='ltr'><strong>verbis</strong></span> <span class='ocrx_word' id='word_1_89' title='bbox 848 1143 943 1196; x_wconf 77' lang='lat' dir='ltr'><strong>prese</strong></span> <span class='ocrx_word' id='word_1_90' title='bbox 956 1125 1033 1189; x_wconf 81' lang='lat' dir='ltr'><strong>ferat,</strong></span> <span class='ocrx_word' id='word_1_91' title='bbox 1041 1125 1103 1178; x_wconf 85' lang='lat' dir='ltr'><strong>loco</strong></span> <span class='ocrx_word' id='word_1_92' title='bbox 1114 1125 1217 1180; x_wconf 65' lang='lat' dir='ltr'><strong>citatos</strong></span> 
     </span>
     <span class='ocr_line' id='line_1_12' title="bbox 142 1202 1214 1276; baseline 0.001 -18"><span class='ocrx_word' id='word_1_93' title='bbox 142 1223 258 1276; x_wconf 72' lang='lat' dir='ltr'><strong>grecum</strong></span> <span class='ocrx_word' id='word_1_94' title='bbox 267 1246 276 1273; x_wconf 91' lang='lat'><strong>,</strong></span> <span class='ocrx_word' id='word_1_95' title='bbox 286 1204 359 1260; x_wconf 88' lang='lat' dir='ltr'><strong>unde</strong></span> <span class='ocrx_word' id='word_1_96' title='bbox 371 1206 429 1261; x_wconf 83' lang='lat' dir='ltr'><strong>haec</strong></span> <span class='ocrx_word' id='word_1_97' title='bbox 446 1220 584 1261; x_wconf 85' lang='lat' dir='ltr'><strong>mutuatus</strong></span> <span class='ocrx_word' id='word_1_98' title='bbox 604 1208 653 1271; x_wconf 91' lang='lat' dir='ltr'><strong>sit,</strong></span> <span class='ocrx_word' id='word_1_99' title='bbox 697 1208 753 1259; x_wconf 71' lang='lat' dir='ltr'><strong>letor</strong></span> <span class='ocrx_word' id='word_1_100' title='bbox 766 1202 796 1258; x_wconf 82' lang='lat' dir='ltr'><strong>dl</strong></span> <span class='ocrx_word' id='word_1_101' title='bbox 809 1205 851 1258; x_wconf 76' lang='grc' dir='ltr'><strong>καὶ</strong></span> <span class='ocrx_word' id='word_1_102' title='bbox 860 1204 895 1258; x_wconf 77' lang='grc' dir='ltr'><strong>τὰ</strong></span> <span class='ocrx_word' id='word_1_103' title='bbox 901 1205 997 1272; x_wconf 77' lang='grc' dir='ltr'><strong>σχοινία</strong></span> <span class='ocrx_word' id='word_1_104' title='bbox 1009 1206 1150 1275; x_wconf 72' lang='grc' dir='ltr'><strong>ἐπισθροοοι</strong></span> <span class='ocrx_word' id='word_1_105' title='bbox 1159 1208 1214 1267; x_wconf 74' lang='grc' dir='ltr'><strong>τοῖς</strong></span> 
     </span>
     <span class='ocr_line' id='line_1_13' title="bbox 143 1284 1210 1359; baseline 0 -21"><span class='ocrx_word' id='word_1_106' title='bbox 143 1296 242 1339; x_wconf 88' lang='lat' dir='ltr'><strong>temere</strong></span> <span class='ocrx_word' id='word_1_107' title='bbox 256 1286 348 1358; x_wconf 75' lang='lat' dir='ltr'><strong>legisse</strong></span> <span class='ocrx_word' id='word_1_108' title='bbox 365 1304 373 1339; x_wconf 92' lang='lat'><strong>:</strong></span> <span class='ocrx_word' id='word_1_109' title='bbox 388 1287 514 1359; x_wconf 87' lang='lat' dir='ltr'><strong>quoniam</strong></span> <span class='ocrx_word' id='word_1_110' title='bbox 528 1289 556 1340; x_wconf 76' lang='lat' dir='ltr'><strong>ln</strong></span> <span class='ocrx_word' id='word_1_111' title='bbox 571 1291 652 1339; x_wconf 72' lang='grc' dir='ltr'><strong>κισθοῦ</strong></span> <span class='ocrx_word' id='word_1_112' title='bbox 697 1288 808 1357; x_wconf 76' lang='grc' dir='ltr'><strong>θάμνοις,</strong></span> <span class='ocrx_word' id='word_1_113' title='bbox 822 1297 872 1339; x_wconf 90' lang='lat' dir='ltr'><strong>etc.</strong></span> <span class='ocrx_word' id='word_1_114' title='bbox 883 1284 975 1338; x_wconf 78' lang='lat' dir='ltr'><strong>Hanu.</strong></span> <span class='ocrx_word' id='word_1_115' title='bbox 989 1317 1030 1326; x_wconf 97' lang='lat'>—</span> <span class='ocrx_word' id='word_1_116' title='bbox 1040 1284 1133 1337; x_wconf 77' lang='lat' dir='ltr'><strong>Edem</strong></span> <span class='ocrx_word' id='word_1_117' title='bbox 1139 1286 1210 1355; x_wconf 72' lang='lat' dir='ltr'><strong>flore.</strong></span> 
     </span>
     <span class='ocr_line' id='line_1_14' title="bbox 141 1363 1208 1429; baseline 0 -12"><span class='ocrx_word' id='word_1_118' title='bbox 141 1363 202 1418; x_wconf 81' lang='lat' dir='ltr'><strong>fieri</strong></span> <span class='ocrx_word' id='word_1_119' title='bbox 224 1364 350 1419; x_wconf 83' lang='lat' dir='ltr'><strong>ladanum</strong></span> <span class='ocrx_word' id='word_1_120' title='bbox 377 1365 493 1419; x_wconf 90' lang='lat' dir='ltr'><strong>Galenus</strong></span> <span class='ocrx_word' id='word_1_121' title='bbox 521 1364 651 1429; x_wconf 85' lang='lat' dir='ltr'><strong>affirmet,</strong></span> <span class='ocrx_word' id='word_1_122' title='bbox 696 1364 1129 1428; x_wconf 70' lang='lat' dir='ltr'><strong>ErratPlinius3etnsoooi,edero</strong></span> <span class='ocrx_word' id='word_1_123' title='bbox 1139 1363 1208 1417; x_wconf 89' lang='lat' dir='ltr'><strong>scili·</strong></span> 
     </span>
     <span class='ocr_line' id='line_1_15' title="bbox 142 1441 1207 1515; baseline -0.002 -17"><span class='ocrx_word' id='word_1_124' title='bbox 142 1444 190 1498; x_wconf 92' lang='lat' dir='ltr'><strong>lib.</strong></span> <span class='ocrx_word' id='word_1_125' title='bbox 209 1445 266 1497; x_wconf 86' lang='lat' dir='ltr'><strong>VII</strong></span> <span class='ocrx_word' id='word_1_126' title='bbox 291 1445 325 1499; x_wconf 81' lang='lat' dir='ltr'><strong>ele</strong></span> <span class='ocrx_word' id='word_1_127' title='bbox 348 1445 410 1500; x_wconf 87' lang='lat' dir='ltr'><strong>Fae.</strong></span> <span class='ocrx_word' id='word_1_128' title='bbox 437 1445 525 1515; x_wconf 85' lang='lat' dir='ltr'><strong>simpl.</strong></span> <span class='ocrx_word' id='word_1_129' title='bbox 555 1443 651 1497; x_wconf 88' lang='lat' dir='ltr'><strong>medic.</strong></span> <span class='ocrx_word' id='word_1_130' title='bbox 696 1457 738 1498; x_wconf 89' lang='lat' dir='ltr'><strong>cet</strong></span> <span class='ocrx_word' id='word_1_131' title='bbox 747 1443 893 1513; x_wconf 85' lang='lat' dir='ltr'><strong>florelegit,</strong></span> <span class='ocrx_word' id='word_1_132' title='bbox 903 1461 985 1514; x_wconf 87' lang='lat' dir='ltr'><strong>quum</strong></span> <span class='ocrx_word' id='word_1_133' title='bbox 994 1441 1207 1515; x_wconf 84' lang='lat' dir='ltr'><strong>essetlegendum</strong></span> 
     </span>
     <span class='ocr_line' id='line_1_16' title="bbox 141 1523 974 1596; baseline 0.002 -20"><span class='ocrx_word' id='word_1_134' title='bbox 141 1543 204 1596; x_wconf 84' lang='lat' dir='ltr'><strong>pag.</strong></span> <span class='ocrx_word' id='word_1_135' title='bbox 225 1541 277 1593; x_wconf 86' lang='lat'><strong>191</strong></span> <span class='ocrx_word' id='word_1_136' title='bbox 292 1544 300 1591; x_wconf 75' lang='lat'>3</span> <span class='ocrx_word' id='word_1_137' title='bbox 313 1523 403 1577; x_wconf 88' lang='lat' dir='ltr'><strong>Diosc.</strong></span> <span class='ocrx_word' id='word_1_138' title='bbox 416 1523 464 1576; x_wconf 89' lang='lat' dir='ltr'><strong>lib.</strong></span> <span class='ocrx_word' id='word_1_139' title='bbox 475 1531 497 1589; x_wconf 90' lang='lat'><strong>1,</strong></span> <span class='ocrx_word' id='word_1_140' title='bbox 510 1543 568 1596; x_wconf 80' lang='lat' dir='ltr'><strong>cap.</strong></span> <span class='ocrx_word' id='word_1_141' title='bbox 586 1527 652 1591; x_wconf 77' lang='lat'><strong>128,</strong></span> <span class='ocrx_word' id='word_1_142' title='bbox 696 1530 787 1590; x_wconf 78' lang='grc' dir='ltr'><strong>κισθοῦ,</strong></span> <span class='ocrx_word' id='word_1_143' title='bbox 798 1524 875 1576; x_wconf 80' lang='lat' dir='ltr'><strong>cistln&#39;.</strong></span> <span class='ocrx_word' id='word_1_144' title='bbox 886 1525 974 1578; x_wconf 76' lang='lat' dir='ltr'><strong>Bnoo.</strong></span> 
     </span>
    </p>

    <p class='ocr_par' dir='ltr' id='par_1_5' title="bbox 142 1598 1203 1833">
     <span class='ocr_line' id='line_1_17' title="bbox 143 1598 1203 1675; baseline -0.004 -19"><span class='ocrx_word' id='word_1_145' title='bbox 143 1603 242 1675; x_wconf 87' lang='lat' dir='ltr'><strong>aliique</strong></span> <span class='ocrx_word' id='word_1_146' title='bbox 262 1621 269 1655; x_wconf 92' lang='lat'>:</span> <span class='ocrx_word' id='word_1_147' title='bbox 290 1622 351 1655; x_wconf 83' lang='lat' dir='ltr'><strong>nam</strong></span> <span class='ocrx_word' id='word_1_148' title='bbox 369 1604 479 1656; x_wconf 80' lang='lat' dir='ltr'><strong>alteram</strong></span> <span class='ocrx_word' id='word_1_149' title='bbox 501 1603 534 1657; x_wconf 92' lang='lat' dir='ltr'><strong>de</strong></span> <span class='ocrx_word' id='word_1_150' title='bbox 555 1603 652 1657; x_wconf 84' lang='lat' dir='ltr'><strong>ladano</strong></span> <span class='ocrx_word' id='word_1_151' title='bbox 740 1623 784 1658; x_wconf 86' lang='lat'><strong>11.</strong></span> <span class='ocrx_word' id='word_1_152' title='bbox 800 1603 863 1656; x_wconf 84' lang='lat' dir='ltr'><strong>Sunt</strong></span> <span class='ocrx_word' id='word_1_153' title='bbox 881 1606 922 1675; x_wconf 84' lang='lat' dir='ltr'><strong>qui</strong></span> <span class='ocrx_word' id='word_1_154' title='bbox 940 1601 1044 1656; x_wconf 75' lang='lat' dir='ltr'><strong>herbam.</strong></span> <span class='ocrx_word' id='word_1_155' title='bbox 1065 1602 1148 1656; x_wconf 87' lang='lat' dir='ltr'><strong>Paulo</strong></span> <span class='ocrx_word' id='word_1_156' title='bbox 1166 1598 1203 1653; x_wconf 90' lang='lat' dir='ltr'><strong>illi</strong></span> 
     </span>
     <span class='ocr_line' id='line_1_18' title="bbox 142 1682 1199 1755; baseline -0.004 -19"><span class='ocrx_word' id='word_1_157' title='bbox 142 1682 299 1736; x_wconf 84' lang='lat' dir='ltr'><strong>sententiam</strong></span> <span class='ocrx_word' id='word_1_158' title='bbox 321 1683 410 1737; x_wconf 90' lang='lat' dir='ltr'><strong>statim</strong></span> <span class='ocrx_word' id='word_1_159' title='bbox 429 1683 496 1736; x_wconf 87' lang='lat' dir='ltr'><strong>huic</strong></span> <span class='ocrx_word' id='word_1_160' title='bbox 517 1685 653 1755; x_wconf 87' lang='lat' dir='ltr'><strong>subjungit</strong></span> <span class='ocrx_word' id='word_1_161' title='bbox 696 1683 775 1736; x_wconf 88' lang='lat' dir='ltr'><strong>latius</strong></span> <span class='ocrx_word' id='word_1_162' title='bbox 786 1692 897 1753; x_wconf 85' lang='lat' dir='ltr'><strong>accepto</strong></span> <span class='ocrx_word' id='word_1_163' title='bbox 908 1683 997 1735; x_wconf 72' lang='lat' dir='ltr'><strong>berbin</strong></span> <span class='ocrx_word' id='word_1_164' title='bbox 1009 1683 1121 1736; x_wconf 86' lang='lat' dir='ltr'><strong>nomine</strong></span> <span class='ocrx_word' id='word_1_165' title='bbox 1133 1682 1199 1734; x_wconf 88' lang='lat' dir='ltr'><strong>locu·</strong></span> 
     </span>
     <span class='ocr_line' id='line_1_19' title="bbox 142 1761 1201 1833; baseline -0.004 -17"><span class='ocrx_word' id='word_1_166' title='bbox 142 1761 261 1828; x_wconf 85' lang='lat' dir='ltr'><strong>Plinius,</strong></span> <span class='ocrx_word' id='word_1_167' title='bbox 278 1780 337 1833; x_wconf 77' lang='lat' dir='ltr'><strong>que</strong></span> <span class='ocrx_word' id='word_1_168' title='bbox 358 1781 390 1816; x_wconf 83' lang='lat' dir='ltr'><strong>ex</strong></span> <span class='ocrx_word' id='word_1_169' title='bbox 410 1762 469 1816; x_wconf 84' lang='lat' dir='ltr'><strong>leda</strong></span> <span class='ocrx_word' id='word_1_170' title='bbox 487 1763 586 1828; x_wconf 87' lang='lat' dir='ltr'><strong>herba,</strong></span> <span class='ocrx_word' id='word_1_171' title='bbox 606 1782 652 1816; x_wconf 89' lang='lat' dir='ltr'><strong>seu</strong></span> <span class='ocrx_word' id='word_1_172' title='bbox 696 1764 738 1817; x_wconf 91' lang='lat' dir='ltr'><strong>ti:</strong></span> <span class='ocrx_word' id='word_1_173' title='bbox 755 1764 851 1816; x_wconf 86' lang='lat' dir='ltr'><strong>etenim</strong></span> <span class='ocrx_word' id='word_1_174' title='bbox 870 1761 1005 1825; x_wconf 72' lang='lat' dir='ltr'><strong>fruticem,</strong></span> <span class='ocrx_word' id='word_1_175' title='bbox 1022 1761 1128 1832; x_wconf 75' lang='grc' dir='ltr'><strong>θάμνον,</strong></span> <span class='ocrx_word' id='word_1_176' title='bbox 1147 1776 1201 1813; x_wconf 77' lang='lat' dir='ltr'><strong>cuca</strong></span> 
     </span>
    </p>

    <p class='ocr_par' dir='ltr' id='par_1_6' title="bbox 58 1838 1215 3423">
     <span class='ocr_line' id='line_1_20' title="bbox 58 1838 1199 1910; baseline -0.002 -19"><span class='ocrx_word' id='word_1_177' title='bbox 58 1885 62 1891; x_wconf 92' lang='lat'><strong>.</strong></span> <span class='ocrx_word' id='word_1_178' title='bbox 141 1842 230 1895; x_wconf 83' lang='lat' dir='ltr'><strong>verius</strong></span> <span class='ocrx_word' id='word_1_179' title='bbox 242 1841 346 1904; x_wconf 81' lang='lat' dir='ltr'><strong>frutice,</strong></span> <span class='ocrx_word' id='word_1_180' title='bbox 357 1843 431 1895; x_wconf 87' lang='lat' dir='ltr'><strong>nasci</strong></span> <span class='ocrx_word' id='word_1_181' title='bbox 444 1840 569 1895; x_wconf 82' lang='lat' dir='ltr'><strong>ladanum</strong></span> <span class='ocrx_word' id='word_1_182' title='bbox 584 1861 653 1896; x_wconf 87' lang='lat' dir='ltr'><strong>asse·</strong></span> <span class='ocrx_word' id='word_1_183' title='bbox 697 1843 820 1896; x_wconf 89' lang='lat' dir='ltr'><strong>Dioscor.</strong></span> <span class='ocrx_word' id='word_1_184' title='bbox 838 1843 867 1908; x_wconf 93' lang='lat' dir='ltr'><strong>I,</strong></span> <span class='ocrx_word' id='word_1_185' title='bbox 886 1844 957 1907; x_wconf 72' lang='lat'><strong>128,</strong></span> <span class='ocrx_word' id='word_1_186' title='bbox 977 1852 1004 1895; x_wconf 90' lang='lat' dir='ltr'><strong>et</strong></span> <span class='ocrx_word' id='word_1_187' title='bbox 1026 1841 1131 1910; x_wconf 68' lang='lat' dir='ltr'><strong>obradiet</strong></span> <span class='ocrx_word' id='word_1_188' title='bbox 1151 1838 1199 1909; x_wconf 76' lang='lat' dir='ltr'><strong>ipsa</strong></span> 
     </span>
     <span class='ocr_line' id='line_1_21' title="bbox 142 1918 1197 1993; baseline -0.002 -19"><span class='ocrx_word' id='word_1_189' title='bbox 142 1933 232 1974; x_wconf 84' lang='lat' dir='ltr'><strong>verat:</strong></span> <span class='ocrx_word' id='word_1_190' title='bbox 251 1933 290 1974; x_wconf 88' lang='lat' dir='ltr'><strong>est</strong></span> <span class='ocrx_word' id='word_1_191' title='bbox 300 1934 388 1974; x_wconf 88' lang='lat' dir='ltr'><strong>autem</strong></span> <span class='ocrx_word' id='word_1_192' title='bbox 400 1920 457 1974; x_wconf 81' lang='lat' dir='ltr'><strong>leda</strong></span> <span class='ocrx_word' id='word_1_193' title='bbox 469 1922 546 1975; x_wconf 88' lang='lat' dir='ltr'><strong>oisthi</strong></span> <span class='ocrx_word' id='word_1_194' title='bbox 555 1940 653 1993; x_wconf 90' lang='lat' dir='ltr'><strong>genus,</strong></span> <span class='ocrx_word' id='word_1_195' title='bbox 697 1922 786 1976; x_wconf 86' lang='lat' dir='ltr'><strong>verius</strong></span> <span class='ocrx_word' id='word_1_196' title='bbox 796 1921 931 1975; x_wconf 87' lang='lat' dir='ltr'><strong>dixissent.</strong></span> <span class='ocrx_word' id='word_1_197' title='bbox 945 1921 989 1974; x_wconf 85' lang='lat' dir='ltr'><strong>Sic</strong></span> <span class='ocrx_word' id='word_1_198' title='bbox 997 1920 1096 1986; x_wconf 90' lang='lat' dir='ltr'><strong>Plinio,</strong></span> <span class='ocrx_word' id='word_1_199' title='bbox 1105 1918 1197 1981; x_wconf 81' lang='lat' dir='ltr'><strong>XXIV,</strong></span> 
     </span>
     <span class='ocr_line' id='line_1_22' title="bbox 142 1998 1198 2069; baseline -0.001 -16"><span class='ocrx_word' id='word_1_200' title='bbox 142 2013 173 2053; x_wconf 92' lang='lat' dir='ltr'><strong>ut</strong></span> <span class='ocrx_word' id='word_1_201' title='bbox 186 1999 311 2053; x_wconf 89' lang='lat' dir='ltr'><strong>diximus.</strong></span> <span class='ocrx_word' id='word_1_202' title='bbox 322 2001 357 2054; x_wconf 91' lang='lat' dir='ltr'><strong>Et</strong></span> <span class='ocrx_word' id='word_1_203' title='bbox 368 2000 402 2054; x_wconf 89' lang='lat' dir='ltr'><strong>de</strong></span> <span class='ocrx_word' id='word_1_204' title='bbox 414 1999 493 2054; x_wconf 87' lang='lat' dir='ltr'><strong>edera</strong></span> <span class='ocrx_word' id='word_1_205' title='bbox 504 2002 540 2054; x_wconf 84' lang='lat' dir='ltr'><strong>ita</strong></span> <span class='ocrx_word' id='word_1_206' title='bbox 552 2015 653 2056; x_wconf 85' lang='lat' dir='ltr'><strong>veteres</strong></span> <span class='ocrx_word' id='word_1_207' title='bbox 699 2006 751 2067; x_wconf 89' lang='lat'><strong>61,</strong></span> <span class='ocrx_word' id='word_1_208' title='bbox 775 2002 859 2054; x_wconf 85' lang='lat' dir='ltr'><strong>herba</strong></span> <span class='ocrx_word' id='word_1_209' title='bbox 887 1999 977 2054; x_wconf 85' lang='lat' dir='ltr'><strong>sabina</strong></span> <span class='ocrx_word' id='word_1_210' title='bbox 1006 1998 1120 2068; x_wconf 91' lang='lat' dir='ltr'><strong>dicitur,</strong></span> <span class='ocrx_word' id='word_1_211' title='bbox 1147 2012 1198 2069; x_wconf 60' lang='lat' dir='ltr'><strong>qua</strong></span> 
     </span>
     <span class='ocr_line' id='line_1_23' title="bbox 143 2079 1199 2152; baseline -0.002 -19"><span class='ocrx_word' id='word_1_212' title='bbox 143 2079 246 2152; x_wconf 85' lang='lat' dir='ltr'><strong>aliquos</strong></span> <span class='ocrx_word' id='word_1_213' title='bbox 259 2081 385 2147; x_wconf 85' lang='lat' dir='ltr'><strong>sensisse,</strong></span> <span class='ocrx_word' id='word_1_214' title='bbox 407 2081 477 2135; x_wconf 86' lang='lat' dir='ltr'><strong>testis</strong></span> <span class='ocrx_word' id='word_1_215' title='bbox 500 2079 588 2134; x_wconf 87' lang='lat' dir='ltr'><strong>adbuc</strong></span> <span class='ocrx_word' id='word_1_216' title='bbox 600 2094 653 2147; x_wconf 88' lang='lat' dir='ltr'><strong>est,</strong></span> <span class='ocrx_word' id='word_1_217' title='bbox 698 2082 784 2134; x_wconf 86' lang='lat' dir='ltr'><strong>frutex</strong></span> <span class='ocrx_word' id='word_1_218' title='bbox 800 2092 848 2133; x_wconf 89' lang='lat' dir='ltr'><strong>est.</strong></span> <span class='ocrx_word' id='word_1_219' title='bbox 864 2080 902 2134; x_wconf 91' lang='lat' dir='ltr'><strong>Ut</strong></span> <span class='ocrx_word' id='word_1_220' title='bbox 920 2080 941 2132; x_wconf 89' lang='lat' dir='ltr'><strong>ii</strong></span> <span class='ocrx_word' id='word_1_221' title='bbox 951 2098 1034 2151; x_wconf 87' lang='lat' dir='ltr'><strong>porro</strong></span> <span class='ocrx_word' id='word_1_222' title='bbox 1044 2079 1153 2132; x_wconf 86' lang='lat' dir='ltr'><strong>herbam</strong></span> <span class='ocrx_word' id='word_1_223' title='bbox 1164 2092 1199 2147; x_wconf 80' lang='lat' dir='ltr'><strong>gt·</strong></span> 
     </span>
     <span class='ocr_line' id='line_1_24' title="bbox 143 2157 1199 2230; baseline -0.007 -17"><span class='ocrx_word' id='word_1_224' title='bbox 143 2161 335 2230; x_wconf 87' lang='lat' dir='ltr'><strong>cujuscumque</strong></span> <span class='ocrx_word' id='word_1_225' title='bbox 355 2159 462 2213; x_wconf 88' lang='lat' dir='ltr'><strong>demum</strong></span> <span class='ocrx_word' id='word_1_226' title='bbox 478 2161 501 2213; x_wconf 93' lang='lat' dir='ltr'><strong>is</strong></span> <span class='ocrx_word' id='word_1_227' title='bbox 516 2160 580 2213; x_wconf 87' lang='lat' dir='ltr'><strong>fidei</strong></span> <span class='ocrx_word' id='word_1_228' title='bbox 599 2173 653 2227; x_wconf 85' lang='lat' dir='ltr'><strong>est,</strong></span> <span class='ocrx_word' id='word_1_229' title='bbox 697 2178 761 2214; x_wconf 89' lang='lat' dir='ltr'><strong>nere</strong></span> <span class='ocrx_word' id='word_1_230' title='bbox 780 2159 905 2212; x_wconf 85' lang='lat' dir='ltr'><strong>muliebri</strong></span> <span class='ocrx_word' id='word_1_231' title='bbox 920 2158 1024 2224; x_wconf 87' lang='lat' dir='ltr'><strong>ledam,</strong></span> <span class='ocrx_word' id='word_1_232' title='bbox 1036 2157 1074 2212; x_wconf 90' lang='lat' dir='ltr'><strong>sic</strong></span> <span class='ocrx_word' id='word_1_233' title='bbox 1091 2158 1199 2212; x_wconf 83' lang='lat' dir='ltr'><strong>Dioscor.</strong></span> 
     </span>
     <span class='ocr_line' id='line_1_25' title="bbox 142 2234 1201 2312; baseline -0.005 -20"><span class='ocrx_word' id='word_1_234' title='bbox 142 2241 245 2292; x_wconf 81' lang='lat' dir='ltr'><strong>Auctor</strong></span> <span class='ocrx_word' id='word_1_235' title='bbox 265 2239 328 2291; x_wconf 89' lang='lat' dir='ltr'><strong>libri</strong></span> <span class='ocrx_word' id='word_1_236' title='bbox 348 2237 382 2292; x_wconf 88' lang='lat' dir='ltr'><strong>‹le</strong></span> <span class='ocrx_word' id='word_1_237' title='bbox 399 2241 488 2312; x_wconf 90' lang='lat' dir='ltr'><strong>simpl.</strong></span> <span class='ocrx_word' id='word_1_238' title='bbox 508 2239 607 2294; x_wconf 87' lang='lat' dir='ltr'><strong>Medic.</strong></span> <span class='ocrx_word' id='word_1_239' title='bbox 620 2239 654 2294; x_wconf 88' lang='lat' dir='ltr'><strong>ad</strong></span> <span class='ocrx_word' id='word_1_240' title='bbox 697 2239 770 2293; x_wconf 84' lang='lat' dir='ltr'><strong>virili</strong></span> <span class='ocrx_word' id='word_1_241' title='bbox 786 2239 909 2292; x_wconf 81' lang='lat' dir='ltr'><strong>fruticem</strong></span> <span class='ocrx_word' id='word_1_242' title='bbox 922 2234 998 2301; x_wconf 74' lang='grc' dir='ltr'><strong>λῆθον</strong></span> <span class='ocrx_word' id='word_1_243' title='bbox 1016 2250 1108 2303; x_wconf 85' lang='lat' dir='ltr'><strong>vocat,</strong></span> <span class='ocrx_word' id='word_1_244' title='bbox 1124 2237 1201 2306; x_wconf 83' lang='lat' dir='ltr'><strong>aitque</strong></span> 
     </span>
     <span class='ocr_line' id='line_1_26' title="bbox 143 2315 1202 2392; baseline -0.005 -21"><span class='ocrx_word' id='word_1_245' title='bbox 143 2318 250 2371; x_wconf 84' lang='lat' dir='ltr'><strong>Patern.</strong></span> <span class='ocrx_word' id='word_1_246' title='bbox 259 2318 330 2371; x_wconf 87' lang='lat' dir='ltr'><strong>inter</strong></span> <span class='ocrx_word' id='word_1_247' title='bbox 341 2318 437 2372; x_wconf 87' lang='lat' dir='ltr'><strong>Galeui</strong></span> <span class='ocrx_word' id='word_1_248' title='bbox 444 2339 537 2392; x_wconf 86' lang='lat' dir='ltr'><strong>opera,</strong></span> <span class='ocrx_word' id='word_1_249' title='bbox 549 2332 567 2374; x_wconf 93' lang='lat' dir='ltr'><strong>t.</strong></span> <span class='ocrx_word' id='word_1_250' title='bbox 575 2320 654 2386; x_wconf 88' lang='lat' dir='ltr'><strong>x111,</strong></span> <span class='ocrx_word' id='word_1_251' title='bbox 697 2338 754 2372; x_wconf 87' lang='lat' dir='ltr'><strong>esse</strong></span> <span class='ocrx_word' id='word_1_252' title='bbox 762 2320 872 2372; x_wconf 86' lang='lat' dir='ltr'><strong>alterurn</strong></span> <span class='ocrx_word' id='word_1_253' title='bbox 880 2318 957 2371; x_wconf 88' lang='lat' dir='ltr'><strong>cisthi</strong></span> <span class='ocrx_word' id='word_1_254' title='bbox 964 2334 1054 2389; x_wconf 87' lang='lat' dir='ltr'><strong>genus:</strong></span> <span class='ocrx_word' id='word_1_255' title='bbox 1060 2315 1136 2389; x_wconf 91' lang='lat' dir='ltr'><strong>qnod</strong></span> <span class='ocrx_word' id='word_1_256' title='bbox 1142 2331 1202 2369; x_wconf 86' lang='lat' dir='ltr'><strong>uuus</strong></span> 
     </span>
     <span class='ocr_line' id='line_1_27' title="bbox 144 2395 1203 2470; baseline 0 -20"><span class='ocrx_word' id='word_1_257' title='bbox 144 2415 205 2469; x_wconf 81' lang='lat' dir='ltr'><strong>pag.</strong></span> <span class='ocrx_word' id='word_1_258' title='bbox 217 2401 274 2467; x_wconf 90' lang='lat'><strong>996</strong></span> <span class='ocrx_word' id='word_1_259' title='bbox 291 2416 298 2450; x_wconf 95' lang='lat'><strong>:</strong></span> <span class='ocrx_word' id='word_1_260' title='bbox 317 2424 328 2446; x_wconf 82' lang='grc' dir='ltr'>ι</span> <span class='ocrx_word' id='word_1_261' title='bbox 344 2398 496 2470; x_wconf 80' lang='lat' dir='ltr'><strong>Aliquando</strong></span> <span class='ocrx_word' id='word_1_262' title='bbox 511 2399 654 2465; x_wconf 88' lang='lat' dir='ltr'><strong>etiam,in-</strong></span> <span class='ocrx_word' id='word_1_263' title='bbox 698 2397 819 2452; x_wconf 89' lang='lat' dir='ltr'><strong>omnium</strong></span> <span class='ocrx_word' id='word_1_264' title='bbox 845 2411 917 2451; x_wconf 90' lang='lat' dir='ltr'><strong>reete</strong></span> <span class='ocrx_word' id='word_1_265' title='bbox 945 2395 1072 2451; x_wconf 83' lang='lat' dir='ltr'><strong>describit</strong></span> <span class='ocrx_word' id='word_1_266' title='bbox 1098 2398 1203 2466; x_wconf 75' lang='lat' dir='ltr'><strong>Prosper</strong></span> 
     </span>
     <span class='ocr_line' id='line_1_28' title="bbox 144 2475 1205 2550; baseline -0.006 -19"><span class='ocrx_word' id='word_1_267' title='bbox 144 2477 220 2548; x_wconf 88' lang='lat' dir='ltr'><strong>quit,</strong></span> <span class='ocrx_word' id='word_1_268' title='bbox 234 2477 346 2550; x_wconf 80' lang='lat' dir='ltr'><strong>genibus</strong></span> <span class='ocrx_word' id='word_1_269' title='bbox 368 2491 395 2532; x_wconf 91' lang='lat' dir='ltr'><strong>et</strong></span> <span class='ocrx_word' id='word_1_270' title='bbox 410 2479 553 2533; x_wconf 86' lang='lat' dir='ltr'><strong>feminibus</strong></span> <span class='ocrx_word' id='word_1_271' title='bbox 565 2498 656 2549; x_wconf 79' lang='lat' dir='ltr'><strong>capra·</strong></span> <span class='ocrx_word' id='word_1_272' title='bbox 698 2478 814 2549; x_wconf 78' lang='lat' dir='ltr'><strong>Alpinus</strong></span> <span class='ocrx_word' id='word_1_273' title='bbox 825 2475 859 2530; x_wconf 87' lang='lat' dir='ltr'><strong>de</strong></span> <span class='ocrx_word' id='word_1_274' title='bbox 869 2478 909 2530; x_wconf 93' lang='lat' dir='ltr'><strong>Pl.</strong></span> <span class='ocrx_word' id='word_1_275' title='bbox 921 2489 992 2530; x_wconf 88' lang='lat' dir='ltr'><strong>exot.</strong></span> <span class='ocrx_word' id='word_1_276' title='bbox 1003 2495 1028 2528; x_wconf 84' lang='lat' dir='ltr'><strong>c.</strong></span> <span class='ocrx_word' id='word_1_277' title='bbox 1040 2482 1084 2540; x_wconf 68' lang='lat'><strong>40.</strong></span> <span class='ocrx_word' id='word_1_278' title='bbox 1093 2476 1205 2530; x_wconf 79' lang='lat' dir='ltr'><strong>Ineren</strong></span> 
     </span>
     <span class='ocr_line' id='line_1_29' title="bbox 144 2555 1204 2630; baseline -0.003 -20"><span class='ocrx_word' id='word_1_279' title='bbox 144 2557 655 2630; x_wconf 82' lang='lat' dir='ltr'><strong>rumquaeederavescuntur,adbaerens</strong></span> <span class='ocrx_word' id='word_1_280' title='bbox 698 2556 832 2627; x_wconf 88' lang='lat' dir='ltr'><strong>hodieque</strong></span> <span class='ocrx_word' id='word_1_281' title='bbox 862 2556 987 2610; x_wconf 86' lang='lat' dir='ltr'><strong>nascitur.</strong></span> <span class='ocrx_word' id='word_1_282' title='bbox 1016 2555 1122 2608; x_wconf 84' lang='lat' dir='ltr'><strong>Genera</strong></span> <span class='ocrx_word' id='word_1_283' title='bbox 1154 2555 1204 2624; x_wconf 81' lang='lat' dir='ltr'><strong>ejus</strong></span> 
     </span>
     <span class='ocr_line' id='line_1_30' title="bbox 144 2633 1206 2708; baseline -0.005 -18"><span class='ocrx_word' id='word_1_284' title='bbox 144 2637 200 2703; x_wconf 46' lang='lat' dir='ltr'><strong>hoc,</strong></span> <span class='ocrx_word' id='word_1_285' title='bbox 224 2639 312 2708; x_wconf 91' lang='lat' dir='ltr'><strong>ipsum</strong></span> <span class='ocrx_word' id='word_1_286' title='bbox 348 2635 474 2690; x_wconf 85' lang='lat' dir='ltr'><strong>ladanum</strong></span> <span class='ocrx_word' id='word_1_287' title='bbox 503 2637 655 2703; x_wconf 86' lang='lat' dir='ltr'><strong>invenitur,</strong></span> <span class='ocrx_word' id='word_1_288' title='bbox 699 2637 777 2708; x_wconf 81' lang='lat' dir='ltr'><strong>plura</strong></span> <span class='ocrx_word' id='word_1_289' title='bbox 796 2634 976 2707; x_wconf 86' lang='lat' dir='ltr'><strong>depinguntur</strong></span> <span class='ocrx_word' id='word_1_290' title='bbox 994 2653 1011 2687; x_wconf 83' lang='lat' dir='ltr'><strong>a</strong></span> <span class='ocrx_word' id='word_1_291' title='bbox 1031 2634 1124 2688; x_wconf 86' lang='lat' dir='ltr'><strong>Clusio</strong></span> <span class='ocrx_word' id='word_1_292' title='bbox 1144 2633 1206 2687; x_wconf 88' lang='lat' dir='ltr'><strong>llist.</strong></span> 
     </span>
     <span class='ocr_line' id='line_1_31' title="bbox 145 2711 1205 2786; baseline -0.002 -18"><span class='ocrx_word' id='word_1_293' title='bbox 145 2729 196 2769; x_wconf 86' lang='lat' dir='ltr'><strong>ete.</strong></span> <span class='ocrx_word' id='word_1_294' title='bbox 216 2742 228 2764; x_wconf 72' lang='grc' dir='ltr'><strong><em>ι</em></strong></span> <span class='ocrx_word' id='word_1_295' title='bbox 242 2716 301 2769; x_wconf 89' lang='lat' dir='ltr'><strong>Nisi</strong></span> <span class='ocrx_word' id='word_1_296' title='bbox 320 2716 388 2768; x_wconf 85' lang='lat' dir='ltr'><strong>forte</strong></span> <span class='ocrx_word' id='word_1_297' title='bbox 402 2716 521 2769; x_wconf 86' lang='lat' dir='ltr'><strong>Plinium</strong></span> <span class='ocrx_word' id='word_1_298' title='bbox 534 2715 657 2768; x_wconf 89' lang='lat' dir='ltr'><strong>transcri-</strong></span> <span class='ocrx_word' id='word_1_299' title='bbox 698 2734 751 2769; x_wconf 82' lang='lat' dir='ltr'><strong>rar.</strong></span> <span class='ocrx_word' id='word_1_300' title='bbox 762 2716 846 2786; x_wconf 87' lang='lat' dir='ltr'><strong>plant.</strong></span> <span class='ocrx_word' id='word_1_301' title='bbox 861 2716 889 2779; x_wconf 94' lang='lat' dir='ltr'><strong>I,</strong></span> <span class='ocrx_word' id='word_1_302' title='bbox 912 2714 961 2778; x_wconf 83' lang='lat'><strong>50,</strong></span> <span class='ocrx_word' id='word_1_303' title='bbox 977 2733 1036 2786; x_wconf 77' lang='lat' dir='ltr'><strong>quas</strong></span> <span class='ocrx_word' id='word_1_304' title='bbox 1049 2714 1105 2767; x_wconf 87' lang='lat' dir='ltr'><strong>lere</strong></span> <span class='ocrx_word' id='word_1_305' title='bbox 1119 2711 1205 2767; x_wconf 73' lang='lat' dir='ltr'><strong>omnia</strong></span> 
     </span>
     <span class='ocr_line' id='line_1_32' title="bbox 144 2791 1209 2866; baseline -0.003 -19"><span class='ocrx_word' id='word_1_306' title='bbox 144 2794 195 2856; x_wconf 89' lang='lat' dir='ltr'><strong>bit,</strong></span> <span class='ocrx_word' id='word_1_307' title='bbox 204 2793 279 2866; x_wconf 87' lang='lat' dir='ltr'><strong>quod</strong></span> <span class='ocrx_word' id='word_1_308' title='bbox 287 2795 321 2848; x_wconf 81' lang='lat' dir='ltr'><strong>ab</strong></span> <span class='ocrx_word' id='word_1_309' title='bbox 332 2813 364 2848; x_wconf 89' lang='lat' dir='ltr'><strong>eo</strong></span> <span class='ocrx_word' id='word_1_310' title='bbox 371 2796 500 2865; x_wconf 89' lang='lat' dir='ltr'><strong>scriptore</strong></span> <span class='ocrx_word' id='word_1_311' title='bbox 508 2796 655 2849; x_wconf 86' lang='lat' dir='ltr'><strong>factitatum</strong></span> <span class='ocrx_word' id='word_1_312' title='bbox 699 2795 728 2847; x_wconf 92' lang='lat' dir='ltr'><strong>in</strong></span> <span class='ocrx_word' id='word_1_313' title='bbox 742 2795 820 2847; x_wconf 90' lang='lat' dir='ltr'><strong>horto</strong></span> <span class='ocrx_word' id='word_1_314' title='bbox 825 2794 898 2865; x_wconf 88' lang='lat' dir='ltr'><strong>regio</strong></span> <span class='ocrx_word' id='word_1_315' title='bbox 911 2793 1034 2848; x_wconf 82' lang='lat' dir='ltr'><strong>vidimus.</strong></span> <span class='ocrx_word' id='word_1_316' title='bbox 1045 2791 1209 2848; x_wconf 81' lang='lat' dir='ltr'><strong>H.—Lado·</strong></span> 
     </span>
     <span class='ocr_line' id='line_1_33' title="bbox 138 2873 1208 2946; baseline -0.003 -20"><span class='ocrx_word' id='word_1_317' title='bbox 138 2886 201 2926; x_wconf 75' lang='lat' dir='ltr'><strong>&#39;non</strong></span> <span class='ocrx_word' id='word_1_318' title='bbox 213 2874 294 2927; x_wconf 88' lang='lat' dir='ltr'><strong>semel</strong></span> <span class='ocrx_word' id='word_1_319' title='bbox 304 2874 431 2928; x_wconf 84' lang='lat' dir='ltr'><strong>intellexi.</strong></span> <span class='ocrx_word' id='word_1_320' title='bbox 445 2875 566 2929; x_wconf 81' lang='lat' dir='ltr'><strong>Alterum</strong></span> <span class='ocrx_word' id='word_1_321' title='bbox 582 2873 655 2946; x_wconf 82' lang='lat' dir='ltr'><strong>quod</strong></span> <span class='ocrx_word' id='word_1_322' title='bbox 699 2893 765 2927; x_wconf 88' lang='lat' dir='ltr'><strong>uum</strong></span> <span class='ocrx_word' id='word_1_323' title='bbox 789 2875 877 2927; x_wconf 80' lang='lat' dir='ltr'><strong>frutex</strong></span> <span class='ocrx_word' id='word_1_324' title='bbox 896 2885 936 2926; x_wconf 87' lang='lat' dir='ltr'><strong>est</strong></span> <span class='ocrx_word' id='word_1_325' title='bbox 956 2873 1073 2925; x_wconf 90' lang='lat' dir='ltr'><strong>duorum</strong></span> <span class='ocrx_word' id='word_1_326' title='bbox 1095 2873 1208 2926; x_wconf 80' lang='lat' dir='ltr'><strong>triumve</strong></span> 
     </span>
     <span class='ocr_line' id='line_1_34' title="bbox 146 2950 1210 3024; baseline -0.004 -18"><span class='ocrx_word' id='word_1_327' title='bbox 146 2952 287 3006; x_wconf 82' lang='lat' dir='ltr'><strong>subnotari</strong></span> <span class='ocrx_word' id='word_1_328' title='bbox 306 2972 360 3006; x_wconf 89' lang='lat' dir='ltr'><strong>non</strong></span> <span class='ocrx_word' id='word_1_329' title='bbox 380 2953 482 3024; x_wconf 83' lang='lat' dir='ltr'><strong>pigeat,</strong></span> <span class='ocrx_word' id='word_1_330' title='bbox 504 2953 576 3008; x_wconf 90' lang='lat' dir='ltr'><strong>istud</strong></span> <span class='ocrx_word' id='word_1_331' title='bbox 596 2966 654 3007; x_wconf 88' lang='lat' dir='ltr'><strong>est:</strong></span> <span class='ocrx_word' id='word_1_332' title='bbox 699 2952 972 3024; x_wconf 86' lang='lat' dir='ltr'><strong>pedumaltitndinis;</strong></span> <span class='ocrx_word' id='word_1_333' title='bbox 984 2965 1011 3005; x_wconf 91' lang='lat' dir='ltr'><strong>et</strong></span> <span class='ocrx_word' id='word_1_334' title='bbox 1024 2950 1210 3007; x_wconf 87' lang='lat' dir='ltr'><strong>diciturcistus</strong></span> 
     </span>
     <span class='ocr_line' id='line_1_35' title="bbox 147 3030 1209 3105; baseline 0 -20"><span class='ocrx_word' id='word_1_335' title='bbox 147 3033 233 3087; x_wconf 89' lang='lat' dir='ltr'><strong>multo</strong></span> <span class='ocrx_word' id='word_1_336' title='bbox 253 3032 341 3086; x_wconf 90' lang='lat' dir='ltr'><strong>minus</strong></span> <span class='ocrx_word' id='word_1_337' title='bbox 362 3033 418 3085; x_wconf 88' lang='lat' dir='ltr'><strong>Jos·</strong></span> <span class='ocrx_word' id='word_1_338' title='bbox 436 3033 597 3105; x_wconf 77' lang='lat' dir='ltr'><strong>scaligerum</strong></span> <span class='ocrx_word' id='word_1_339' title='bbox 609 3052 656 3086; x_wconf 90' lang='lat' dir='ltr'><strong>au·</strong></span> <span class='ocrx_word' id='word_1_340' title='bbox 700 3031 853 3090; x_wconf 70' lang='lat' dir='ltr'><strong>ladaniters</strong></span> <span class='ocrx_word' id='word_1_341' title='bbox 863 3033 975 3097; x_wconf 78' lang='lat' dir='ltr'><strong>cretica,</strong></span> <span class='ocrx_word' id='word_1_342' title='bbox 986 3030 1052 3084; x_wconf 89' lang='lat' dir='ltr'><strong>flore</strong></span> <span class='ocrx_word' id='word_1_343' title='bbox 1063 3051 1209 3104; x_wconf 85' lang='lat' dir='ltr'><strong>purpureo.</strong></span> 
     </span>
     <span class='ocr_line' id='line_1_36' title="bbox 146 3110 1213 3185; baseline 0.001 -21"><span class='ocrx_word' id='word_1_344' title='bbox 146 3110 287 3177; x_wconf 88' lang='lat' dir='ltr'><strong>diendum,</strong></span> <span class='ocrx_word' id='word_1_345' title='bbox 297 3110 382 3184; x_wconf 82' lang='lat' dir='ltr'><strong>quum</strong></span> <span class='ocrx_word' id='word_1_346' title='bbox 390 3113 438 3165; x_wconf 88' lang='lat' dir='ltr'><strong>lib.</strong></span> <span class='ocrx_word' id='word_1_347' title='bbox 451 3115 477 3178; x_wconf 93' lang='lat' dir='ltr'><strong>I,</strong></span> <span class='ocrx_word' id='word_1_348' title='bbox 489 3113 563 3185; x_wconf 89' lang='lat' dir='ltr'><strong>epist.</strong></span> <span class='ocrx_word' id='word_1_349' title='bbox 576 3132 609 3184; x_wconf 89' lang='lat'><strong>17</strong></span> <span class='ocrx_word' id='word_1_350' title='bbox 622 3111 658 3166; x_wconf 87' lang='lat' dir='ltr'><strong>ad</strong></span> <span class='ocrx_word' id='word_1_351' title='bbox 701 3111 975 3185; x_wconf 83' lang='lat' dir='ltr'><strong>Ejusdescriptionem</strong></span> <span class='ocrx_word' id='word_1_352' title='bbox 983 3110 1043 3163; x_wconf 85' lang='lat' dir='ltr'><strong>vide</strong></span> <span class='ocrx_word' id='word_1_353' title='bbox 1050 3110 1213 3182; x_wconf 87' lang='lat' dir='ltr'><strong>apudTour·</strong></span> 
     </span>
     <span class='ocr_line' id='line_1_37' title="bbox 146 3191 1212 3265; baseline -0.001 -21"><span class='ocrx_word' id='word_1_354' title='bbox 146 3191 511 3263; x_wconf 85' lang='lat' dir='ltr'><strong>Franc.Vertunianum,legi</strong></span> <span class='ocrx_word' id='word_1_355' title='bbox 520 3192 655 3264; x_wconf 82' lang='lat' dir='ltr'><strong>praecipit:</strong></span> <span class='ocrx_word' id='word_1_356' title='bbox 700 3193 797 3257; x_wconf 80' lang='lat' dir='ltr'><strong>nefort.</strong></span> <span class='ocrx_word' id='word_1_357' title='bbox 811 3192 839 3244; x_wconf 83' lang='lat' dir='ltr'><em>V</em></span> <span class='ocrx_word' id='word_1_358' title='bbox 836 3211 908 3265; x_wconf 79' lang='lat' dir='ltr'><strong>oyag.</strong></span> <span class='ocrx_word' id='word_1_359' title='bbox 925 3192 959 3243; x_wconf 84' lang='lat' dir='ltr'><strong>du</strong></span> <span class='ocrx_word' id='word_1_360' title='bbox 975 3191 1082 3256; x_wconf 78' lang='lat' dir='ltr'><strong>Levam,</strong></span> <span class='ocrx_word' id='word_1_361' title='bbox 1097 3203 1164 3245; x_wconf 88' lang='lat' dir='ltr'><strong>tom.</strong></span> <span class='ocrx_word' id='word_1_362' title='bbox 1182 3192 1212 3255; x_wconf 85' lang='grc' dir='ltr'><strong>Ι,</strong></span> 
     </span>
     <span class='ocr_line' id='line_1_38' title="bbox 145 3258 1212 3346; baseline 0 -22"><span class='ocrx_word' id='word_1_363' title='bbox 145 3273 272 3342; x_wconf 61' lang='lat' dir='ltr'><strong>spherulae</strong></span> <span class='ocrx_word' id='word_1_364' title='bbox 278 3271 345 3343; x_wconf 83' lang='lat' dir='ltr'><strong>flore</strong></span> <span class='ocrx_word' id='word_1_365' title='bbox 356 3271 452 3334; x_wconf 75' lang='lat' dir='ltr'><strong>der-0505</strong></span> <span class='ocrx_word' id='word_1_366' title='bbox 460 3291 489 3325; x_wconf 84' lang='lat' dir='ltr'><strong>ac</strong></span> <span class='ocrx_word' id='word_1_367' title='bbox 498 3273 656 3346; x_wconf 84' lang='lat' dir='ltr'><strong>spbserulam</strong></span> <span class='ocrx_word' id='word_1_368' title='bbox 701 3291 761 3344; x_wconf 85' lang='lat' dir='ltr'><strong>pag.</strong></span> <span class='ocrx_word' id='word_1_369' title='bbox 774 3275 810 3341; x_wconf 88' lang='lat'><strong>89</strong></span> <span class='ocrx_word' id='word_1_370' title='bbox 818 3310 826 3338; x_wconf 91' lang='lat'>‚</span> <span class='ocrx_word' id='word_1_371' title='bbox 835 3258 918 3325; x_wconf 71' lang='lat' dir='ltr'><strong>irs-8⁰.</strong></span> <span class='ocrx_word' id='word_1_372' title='bbox 935 3271 1018 3324; x_wconf 82' lang='lat' dir='ltr'><strong>Bnon.</strong></span> <span class='ocrx_word' id='word_1_373' title='bbox 1031 3300 1073 3310; x_wconf 90' lang='lat'>-</span> <span class='ocrx_word' id='word_1_374' title='bbox 1086 3271 1212 3324; x_wconf 82' lang='lat' dir='ltr'><strong>Suffruti·</strong></span> 
     </span>
     <span class='ocr_line' id='line_1_39' title="bbox 147 3347 1215 3423; baseline -0.001 -19"><span class='ocrx_word' id='word_1_375' title='bbox 147 3352 254 3423; x_wconf 78' lang='grc' dir='ltr'><strong>οφοιῖριον</strong></span> <span class='ocrx_word' id='word_1_376' title='bbox 267 3363 360 3417; x_wconf 80' lang='lat' dir='ltr'><strong>vocat,</strong></span> <span class='ocrx_word' id='word_1_377' title='bbox 378 3350 457 3404; x_wconf 89' lang='lat' dir='ltr'><strong>cisthi</strong></span> <span class='ocrx_word' id='word_1_378' title='bbox 476 3352 634 3423; x_wconf 87' lang='lat' dir='ltr'><strong>corymbum</strong></span> <span class='ocrx_word' id='word_1_379' title='bbox 648 3370 655 3406; x_wconf 75' lang='grc' dir='ltr'><strong><em>ε</em></strong></span> <span class='ocrx_word' id='word_1_380' title='bbox 701 3370 758 3405; x_wconf 89' lang='lat' dir='ltr'><strong>cem</strong></span> <span class='ocrx_word' id='word_1_381' title='bbox 771 3351 851 3417; x_wconf 89' lang='lat' dir='ltr'><strong>bunc,</strong></span> <span class='ocrx_word' id='word_1_382' title='bbox 864 3369 943 3421; x_wconf 90' lang='lat' dir='ltr'><strong>quem</strong></span> <span class='ocrx_word' id='word_1_383' title='bbox 955 3347 1079 3402; x_wconf 88' lang='lat' dir='ltr'><strong>eumdem</strong></span> <span class='ocrx_word' id='word_1_384' title='bbox 1090 3368 1146 3404; x_wconf 88' lang='lat' dir='ltr'><strong>esse</strong></span> <span class='ocrx_word' id='word_1_385' title='bbox 1157 3369 1215 3403; x_wconf 85' lang='lat' dir='ltr'><strong>eum</strong></span> 
     </span>
    </p>

    <p class='ocr_par' dir='ltr' id='par_1_7' title="bbox 76 3427 1220 3823">
     <span class='ocr_line' id='line_1_40' title="bbox 76 3427 1217 3502; baseline 0 -19"><span class='ocrx_word' id='word_1_386' title='bbox 76 3468 78 3473; x_wconf 89' lang='lat'>-</span> <span class='ocrx_word' id='word_1_387' title='bbox 146 3448 210 3484; x_wconf 83' lang='lat' dir='ltr'><strong>num</strong></span> <span class='ocrx_word' id='word_1_388' title='bbox 225 3443 253 3484; x_wconf 91' lang='lat' dir='ltr'><strong>et</strong></span> <span class='ocrx_word' id='word_1_389' title='bbox 262 3429 470 3502; x_wconf 87' lang='lat' dir='ltr'><strong>MSS.pugnant</strong></span> <span class='ocrx_word' id='word_1_390' title='bbox 481 3431 585 3485; x_wconf 86' lang='lat' dir='ltr'><strong>codices</strong></span> <span class='ocrx_word' id='word_1_391' title='bbox 597 3431 657 3484; x_wconf 89' lang='lat' dir='ltr'><strong>uni·</strong></span> <span class='ocrx_word' id='word_1_392' title='bbox 704 3431 772 3484; x_wconf 81' lang='lat' dir='ltr'><strong>Cisto</strong></span> <span class='ocrx_word' id='word_1_393' title='bbox 793 3430 927 3498; x_wconf 82' lang='lat' dir='ltr'><strong>lodonisero</strong></span> <span class='ocrx_word' id='word_1_394' title='bbox 943 3427 1079 3484; x_wconf 90' lang='lat' dir='ltr'><strong>Willden.</strong></span> <span class='ocrx_word' id='word_1_395' title='bbox 1101 3431 1217 3483; x_wconf 79' lang='lat' dir='ltr'><strong>affirmat</strong></span> 
     </span>
     <span class='ocr_line' id='line_1_41' title="bbox 147 3508 1219 3582; baseline 0 -20"><span class='ocrx_word' id='word_1_396' title='bbox 147 3509 230 3573; x_wconf 84' lang='lat' dir='ltr'><strong>versi,</strong></span> <span class='ocrx_word' id='word_1_397' title='bbox 246 3523 272 3563; x_wconf 90' lang='lat' dir='ltr'><strong>et</strong></span> <span class='ocrx_word' id='word_1_398' title='bbox 289 3529 304 3562; x_wconf 89' lang='lat' dir='ltr'><strong>a</strong></span> <span class='ocrx_word' id='word_1_399' title='bbox 321 3509 443 3563; x_wconf 88' lang='lat' dir='ltr'><strong>Pliniano</strong></span> <span class='ocrx_word' id='word_1_400' title='bbox 460 3512 577 3565; x_wconf 86' lang='lat' dir='ltr'><strong>maxime</strong></span> <span class='ocrx_word' id='word_1_401' title='bbox 597 3511 656 3565; x_wconf 89' lang='lat' dir='ltr'><strong>stilo</strong></span> <span class='ocrx_word' id='word_1_402' title='bbox 701 3510 886 3582; x_wconf 83' lang='lat' dir='ltr'><strong>Spreugelius‚</strong></span> <span class='ocrx_word' id='word_1_403' title='bbox 902 3510 1001 3562; x_wconf 88' lang='lat' dir='ltr'><strong>Histor.</strong></span> <span class='ocrx_word' id='word_1_404' title='bbox 1016 3508 1055 3560; x_wconf 86' lang='lat' dir='ltr'><strong>rei</strong></span> <span class='ocrx_word' id='word_1_405' title='bbox 1068 3509 1219 3575; x_wconf 74' lang='lat' dir='ltr'><strong>herbariae,</strong></span> 
     </span>
     <span class='ocr_line' id='line_1_42' title="bbox 147 3587 1219 3660; baseline 0.001 -19"><span class='ocrx_word' id='word_1_406' title='bbox 147 3587 176 3641; x_wconf 88' lang='lat' dir='ltr'><strong>id</strong></span> <span class='ocrx_word' id='word_1_407' title='bbox 186 3590 319 3643; x_wconf 79' lang='lat' dir='ltr'><strong>abhorret.</strong></span> <span class='ocrx_word' id='word_1_408' title='bbox 328 3589 384 3643; x_wconf 90' lang='lat' dir='ltr'><strong>Nec</strong></span> <span class='ocrx_word' id='word_1_409' title='bbox 393 3590 482 3644; x_wconf 89' lang='lat' dir='ltr'><strong>minus</strong></span> <span class='ocrx_word' id='word_1_410' title='bbox 492 3590 657 3647; x_wconf 82' lang='lat' dir='ltr'><strong>confidenter</strong></span> <span class='ocrx_word' id='word_1_411' title='bbox 701 3601 767 3644; x_wconf 85' lang='lat' dir='ltr'><strong>tom.</strong></span> <span class='ocrx_word' id='word_1_412' title='bbox 781 3591 804 3654; x_wconf 92' lang='lat'><strong>1,</strong></span> <span class='ocrx_word' id='word_1_413' title='bbox 818 3609 879 3660; x_wconf 84' lang='lat' dir='ltr'><strong>pag.</strong></span> <span class='ocrx_word' id='word_1_414' title='bbox 897 3607 961 3659; x_wconf 86' lang='lat'><strong>177,</strong></span> <span class='ocrx_word' id='word_1_415' title='bbox 974 3588 1093 3642; x_wconf 88' lang='lat' dir='ltr'><strong>retulisse</strong></span> <span class='ocrx_word' id='word_1_416' title='bbox 1109 3587 1219 3642; x_wconf 82' lang='lat' dir='ltr'><strong>videtur</strong></span> 
     </span>
     <span class='ocr_line' id='line_1_43' title="bbox 147 3667 1220 3740; baseline -0.001 -19"><span class='ocrx_word' id='word_1_417' title='bbox 147 3668 181 3722; x_wconf 83' lang='lat' dir='ltr'><strong>ab</strong></span> <span class='ocrx_word' id='word_1_418' title='bbox 197 3669 388 3740; x_wconf 86' lang='lat' dir='ltr'><strong>exemplarium</strong></span> <span class='ocrx_word' id='word_1_419' title='bbox 398 3671 519 3724; x_wconf 89' lang='lat' dir='ltr'><strong>omnium</strong></span> <span class='ocrx_word' id='word_1_420' title='bbox 530 3669 584 3723; x_wconf 90' lang='lat' dir='ltr'><strong>lide</strong></span> <span class='ocrx_word' id='word_1_421' title='bbox 605 3668 657 3723; x_wconf 91' lang='lat' dir='ltr'><strong>dis·</strong></span> <span class='ocrx_word' id='word_1_422' title='bbox 701 3670 743 3723; x_wconf 87' lang='lat' dir='ltr'><strong>Cl.</strong></span> <span class='ocrx_word' id='word_1_423' title='bbox 761 3669 900 3721; x_wconf 82' lang='lat' dir='ltr'><strong>Lamarck.</strong></span> <span class='ocrx_word' id='word_1_424' title='bbox 916 3667 951 3721; x_wconf 82' lang='lat' dir='ltr'><strong>ad</strong></span> <span class='ocrx_word' id='word_1_425' title='bbox 970 3667 1064 3721; x_wconf 85' lang='lat' dir='ltr'><strong>Cistum</strong></span> <span class='ocrx_word' id='word_1_426' title='bbox 1081 3668 1220 3740; x_wconf 75' lang='lat' dir='ltr'><strong>Cyprium,</strong></span> 
     </span>
     <span class='ocr_line' id='line_1_44' title="bbox 147 3738 1218 3823; baseline -0.003 -18"><span class='ocrx_word' id='word_1_427' title='bbox 147 3747 227 3817; x_wconf 85' lang='lat' dir='ltr'><strong>cedit,</strong></span> <span class='ocrx_word' id='word_1_428' title='bbox 251 3748 318 3803; x_wconf 87' lang='lat' dir='ltr'><strong>dum</strong></span> <span class='ocrx_word' id='word_1_429' title='bbox 334 3769 366 3804; x_wconf 86' lang='lat' dir='ltr'><strong>ex</strong></span> <span class='ocrx_word' id='word_1_430' title='bbox 381 3750 524 3814; x_wconf 74' lang='lat' dir='ltr'><strong>iisserbis,</strong></span> <span class='ocrx_word' id='word_1_431' title='bbox 537 3770 608 3823; x_wconf 85' lang='lat' dir='ltr'><strong>quum</strong></span> <span class='ocrx_word' id='word_1_432' title='bbox 622 3762 659 3802; x_wconf 82' lang='lat' dir='ltr'><strong>est</strong></span> <span class='ocrx_word' id='word_1_433' title='bbox 702 3749 834 3821; x_wconf 84' lang='lat' dir='ltr'><strong>Eucyclcp.</strong></span> <span class='ocrx_word' id='word_1_434' title='bbox 851 3762 914 3802; x_wconf 87' lang='lat' dir='ltr'><strong>tom.</strong></span> <span class='ocrx_word' id='word_1_435' title='bbox 930 3749 968 3812; x_wconf 84' lang='grc' dir='ltr'><strong>ΙΙ,</strong></span> <span class='ocrx_word' id='word_1_436' title='bbox 983 3766 1043 3818; x_wconf 83' lang='lat' dir='ltr'><strong>pag.</strong></span> <span class='ocrx_word' id='word_1_437' title='bbox 1060 3748 1107 3802; x_wconf 84' lang='lat'><strong>15.</strong></span> <span class='ocrx_word' id='word_1_438' title='bbox 1120 3738 1218 3818; x_wconf 72' lang='lat' dir='ltr'><strong>(Cissus</strong></span> 
     </span>
    </p>
   </div>
   <div class='ocr_carea' id='block_1_4' title="bbox 0 0 1350 4830">
    <p class='ocr_par' dir='ltr' id='par_1_8' title="bbox 0 0 1350 4830">
     <span class='ocr_line' id='line_1_45' title="bbox 0 0 1350 4830; baseline 0 0"><span class='ocrx_word' id='word_1_439' title='bbox 0 0 1350 4830; x_wconf 95' lang='lat' dir='ltr'><strong> </strong></span> 
     </span>
    </p>
   </div>
  </div>
 </body>
</html>
