2656 4830
198 371 224 421 a,
471 344 700 417 C.1³L1N11
724 345 833 417 Nal'.
859 343 989 412 Hls'r.

195 481 300 576 magis
315 503 353 548 ac
365 479 470 572 magis
480 478 635 547 admirari
644 479 752 567 subit,
767 480 808 547 ab
824 481 862 548 iis
878 475 1064 573 principiis⁷
1078 472 1159 546 caedi
1175 502 1271 545 mon·

196 602 244 657 tes
263 587 298 653 in
317 608 498 687 rparmora,
519 599 627 657 vestes
642 586 684 655 ad
702 571 818 659 Seras⁸
831 586 899 680 peti
915 612 922 652 :
941 586 1099 655 unionem
1113 585 1148 652 in
1162 584 1273 653 Rubri

196 693 296 761 maris
318 689 507 785 profundo,
542 691 755 786 smaragdum
779 694 814 761 in
836 693 904 760 ima
934 689 1052 758 tellure
1079 690 1191 783 quaeri.
1217 689 1273 756 Ad

195 799 261 868 boc
283 799 470 891 excogitata
492 812 568 867 sunt
591 797 909 895 auriumlvulnera:
935 797 1092 865 nimirum
1114 797 1274 889 quoniam

195 929 315 999 parurn
343 917 415 997 erat
441 902 527 972 collo
555 905 769 999 crinibusque
793 905 930 1002 gestari,
954 904 1017 971 nisi
1043 901 1275 971 infoderentur

195 1013 294 1080 etiam
320 1011 464 1103 corpori.
485 1011 714 1099 Quamobrem
740 1014 832 1104 sequi
855 1035 916 1105 par
933 1023 984 1077 est
1008 1008 1160 1077 ordinem
1179 1009 1274 1094 vitae,

195 1131 230 1186 et
251 1116 387 1185 arbores
411 1130 488 1184 ante
521 1116 583 1185 alia
604 1115 732 1205 dicere,
755 1141 794 1187 ac
821 1114 990 1186 moribus⁹
1013 1115 1196 1210 primordia
1223 1117 1274 1183 in·

173 1228 320 1318 'gerere

101 1370 103 1377 ·
163 1359 174 1392 1
248 1331 294 1398 II.
324 1319 393 1418 (1.)
426 1328 507 1401 Hac
529 1328 621 1401 fuere
639 1330 813 1399 numinum
842 1328 986 1424 templa,
1006 1330 1183 1424 priscoque
1204 1328 1276 1396 ritu

196 1434 357 1530 simplicia
373 1459 452 1504 rura
465 1436 564 1509 etiam
580 1461 670 1507 nunc
688 1439 763 1507 Deo
782 1434 1026 1531 praecellentem
1046 1435 1200 1505 arborem
1222 1433 1276 1505 di·

196 1540 302 1612 cant¹.
328 1543 401 1622 Nec
422 1544 527 1636 magis
547 1567 630 1610 auro
652 1541 813 1637 fulgentia
831 1558 932 1635 atque
953 1541 1054 1610 ebore
1075 1539 1275 1626 simulacra,

163 1684 168 1691 ·
196 1673 297 1743 quam
325 1647 434 1734 lucos,
461 1662 495 1716 et
521 1650 556 1717 in
582 1651 622 1718 iis
642 1647 769 1717 silentia
792 1651 864 1744 ipsa
885 1648 1074 1719 adoramus.
1104 1648 1276 1717 Arborum

198 1779 321 1850 genera
341 1754 534 1823 numinibus
548 1756 615 1825 suis
631 1755 740 1827 dicata
753 1770 915 1851 perpetuo
933 1768 1130 1837 servantur:
1147 1768 1185 1821 ut
1200 1754 1276 1825 Jovi

198 1860 329 1931 esculus
337 1857 360 1949 ²,
378 1859 524 1955 Apollini
541 1860 654 1931 laurus
666 1868 684 1950 ,‘
696 1864 860 1933 Minerva
876 1861 966 1944 olea,
981 1861 1105 1931 Veneri
1129 1874 1277 1955 myrtus,

199 2071 343 2134 Lusitania,
358 2070 512 2142 Aquitania,
527 2071 660 2131 scandulis
671 2093 715 2127 ro·
760 2075 804 2129 tiis
818 2091 907 2127 mores
918 2072 1004 2130 nostri
1016 2069 1050 2125 ad
1059 2072 1129 2125 hanc
1139 2071 1277 2125 luxuriem

199 2151 308 2212 busteis,
319 2163 366 2204 aut
375 2153 535 2217 stramentis,
542 2165 610 2206 etc.»
622 2154 715 2206 llsan.
759 2153 892 2206 venerint.
905 2154 997 2205 Hsan.
1017 2185 1059 2194 —-
1072 2152 1146 2204 Libri
1166 2151 1277 2222 quidam

200 2231 347 2284 -Antris
376 2249 428 2302 pro
448 2230 549 2285 adibus
571 2233 716 2292 etiamnum
761 2232 833 2307 apud
846 2233 937 2286 Dalec.
952 2251 981 2283 ac
997 2232 1165 2297 orbis,velac
1181 2233 1278 2296 morbis,

201 2324 316 2365 utuntur
330 2311 468 2364 nonnulle
479 2313 600 2365 Arabum
614 2325 717 2383 gentem
761 2334 816 2367 non
833 2314 894 2365 satis
909 2311 1013 2382 liquido
1028 2329 1115 2364 sensu.
1123 2311 1175 2364 En.

203 2390 276 2443 etin
291 2389 399 2456 insulis,
420 2410 485 2463 quas
503 2391 618 2444 Oceaaioe
634 2393 718 2463 vulgo
803 2394 839 2443 11.
861 2409 885 2444 1.
900 2391 1020 2444 Arborcm
1032 2391 1122 2443 dicarat.
1137 2391 1218 2443 Hunc
1230 2392 1278 2444 bo·

204 2468 337 2535 dicimus,
350 2483 417 2524 tecta
434 2471 486 2523 sibi
499 2472 658 2544 plerumque
673 2490 720 2543 pa·
764 2472 862 2542 dieque
887 2489 1005 2531 morem,
1029 2472 1087 2524 ruri
1113 2472 1277 2542 prasertim,

203 2562 264 2603 rant
276 2551 371 2603 incola
385 2569 417 2603 ex
425 2551 506 2604 ramis
515 2553 652 2605 arborum.
667 2551 720 2614 En.
764 2552 905 2615 obtinere,
921 2550 1080 2621 jamdudum
1091 2552 1279 2622 Dalecampius

247 2648 275 2700 7.
290 2630 334 2684 Ab
344 2635 374 2683 iis
386 2633 521 2702 principiis.
537 2633 560 2682 Α
575 2633 649 2687 cultu
661 2650 721 2684 cor·
765 2629 952 2685 animadvertit
968 2631 1190 2703 :procerissimus
1206 2650 1280 2683 nem·

205 2711 280 2782 poris
296 2723 350 2763 tarn
364 2711 501 2782 simplice,
518 2712 552 2765 ad
571 2725 625 2767 tam
643 2713 721 2765 luxu·
765 2732 800 2784 pe
817 2713 924 2771 arbores
943 2712 970 2764 in
987 2712 1125 2764 vestibulis
1145 2729 1280 2763 sacrarum

205 2791 305 2844 riosam
324 2791 353 2842 in
368 2792 466 2844 vestitu
485 2791 639 2865 aedibusque
662 2793 719 2851 lau·
765 2791 880 2855 aedium,
897 2791 1103 2862 sepulcretisque
1122 2791 1218 2844 vicinis
1232 2810 1282 2862 po·

206 2871 292 2926 titiam
303 2869 424 2942 delapsos
435 2889 491 2922 esse
501 2889 599 2924 mores.
612 2872 702 2923 Haeo.
764 2871 827 2924 sitas
841 2868 972 2922 videmus.
990 2871 1039 2922 En.

248 2952 275 3004 8.
291 2949 338 3003 Ad
347 2949 420 3002 Seras
430 2953 490 3018 peti.
501 2948 563 3003 Vet.
579 2950 652 3021 apud
666 2951 721 3004 Da·
808 2971 833 3002 a.
845 2949 939 3002 UtJori
947 2949 1174 3020 esculus,Apollirri
1184 2949 1281 3014 laurus,

207 3031 257 3083 lec.
269 3028 480 3101 aScribras,quod
494 3029 605 3100 quidem
615 3029 722 3083 videtur
766 3044 815 3084 etc.
830 3029 934 3100 Lepide
946 3030 975 3081 in
990 3048 1048 3082 earn
1064 3049 1121 3082 rem
1137 3029 1283 3095 Phaedrus,

208 3110 292 3181 magis
306 3127 455 3180 congruere
469 3127 530 3162 cum
541 3129 596 3182 seq.
614 3114 639 3162 in
649 3113 722 3162 maris
767 3111 860 3164 Fabul.
877 3110 929 3174 111,
943 3127 976 3180 17
990 3129 996 3162 :
1016 3136 1027 3157 ι
1041 3109 1131 3173 Olim,
1143 3129 1208 3180 quas
1224 3109 1282 3161 vel·

205 3186 346 3265 presertim·
373 3186 442 3242 nibil
465 3201 553 3242 tamen
576 3203 723 3255 mutamus,
767 3191 822 3244 lent
837 3209 892 3243 esse
908 3189 937 3241 in
957 3190 1039 3243 tutela
1053 3209 1115 3256 sua,
1129 3190 1191 3241 Divi
1211 3189 1283 3259 lege·

210 3288 273 3323 narn
289 3268 371 3321 simili
385 3287 497 3340 prorsus
507 3269 644 3325 locutione
662 3271 721 3322 No·
766 3285 831 3324 runt
855 3271 972 3323 arbores.
1001 3271 1122 3336 Quercus
1144 3269 1221 3332 iovi,
1249 3268 1284 3320 Et

209 3362 262 3401 ster
275 3367 340 3401 usus
357 3349 457 3402 estius.
471 3367 529 3420 cap.
551 3349 586 3407 38
601 3369 608 3403 :
623 3378 634 3399 a
643 3351 722 3403 Pere·
767 3350 977 3421 myrtusVencri
987 3349 1097 3421 placuit,
1113 3349 1215 3401 Phoebo
1225 3347 1284 3400 lau-

209 3429 300 3500 grinos
314 3429 371 3499 ipsa
392 3419 530 3496 (Arabia)
546 3429 614 3482 mire
627 3429 723 3483 odores
766 3449 823 3495 rea,
840 3431 922 3483 Pinus
932 3431 1067 3500 Cybebae,
1080 3429 1197 3501 populus
1213 3428 1284 3481 celsa

210 3520 236 3560 et
251 3507 285 3561 ad
297 3521 401 3562 exteros
417 3508 501 3581 petit,
516 3535 527 3556 a
547 3509 601 3565 boc
619 3522 671 3575 est,
690 3511 723 3562 ab
769 3509 888 3564 Herculi.
906 3510 1028 3563 Minerva
1038 3508 1188 3573 admirans,
1200 3526 1288 3579 quare

209 3589 314 3647 exteris.
338 3591 380 3641 De
405 3587 501 3642 Sericis
522 3590 640 3643 vestibus
662 3589 724 3642 vide
769 3591 872 3644 steriles
905 3601 1057 3654 sumerent,
1087 3589 1283 3658 interrogavit;

210 3687 269 3740 quas
279 3668 412 3741 jamdicta
421 3680 483 3723 sunt
493 3669 666 3743 lib.V1‚cap.
680 3689 724 3734 so,
770 3689 876 3731 causam
897 3669 966 3722 dixit
986 3670 1092 3739 Jupiter
1114 3687 1120 3720 :
1144 3667 1285 3721 Honorem

210 3761 237 3801 et
246 3748 295 3801 lib.
305 3748 360 3807 xl.
377 3767 436 3819 cap.
451 3751 496 3801 26.
511 3750 562 3805 En.
770 3751 858 3803 fructu
883 3767 917 3802 ne
937 3747 1078 3802 videamur
1101 3745 1226 3801 vendere.
1250 3748 1287 3800 At

251 3849 278 3897 9.
300 3829 342 3889 Ac
358 3829 473 3883 moribus.
483 3831 571 3900 Atque
589 3829 725 3883 inculcare
771 3849 814 3885 me
828 3829 958 3881 Hercules
978 3828 1111 3893 narrabit,
1133 3824 1207 3903 quod
1224 3826 1286 3897 quis

209 3908 306 3965 animis
324 3908 486 3980 legentium,
507 3909 553 3979 qui
577 3909 658 3983 prisci
676 3909 725 3962 ho·
770 3910 898 3969 voluerit,
915 3908 990 3962 Oliva
1010 3907 1089 3963 nobis
1104 3917 1216 3981 propter
1229 3907 1287 3959 fru-

208 3988 313 4043 minum
326 4008 413 4043 mores
428 3988 541 4056 fuerint,
555 3990 652 4062 quibus
674 3989 726 4042 ini·
770 4002 844 4043 etum
858 4001 896 4042 est
906 3988 1013 4060 gratior.
1028 3987 1106 4042 Tunc
1118 3987 1155 4042 sic
1165 3989 1287 4040 Deorum
